@Article{1982RvMP...54..235W,
  author	= {{Wu}, F.~Y.},
  title		= "{The Potts model}",
  journal	= {Reviews of Modern Physics},
  year		= 1982,
  month		= jan,
  volume	= {54},
  number	= {1},
  pages		= {235-268},
  doi		= {10.1103/RevModPhys.54.235},
  adsurl	= {https://ui.adsabs.harvard.edu/abs/1982RvMP...54..235W},
  adsnote	= {Provided by the SAO/NASA Astrophysics Data System}
}

@Misc{2014arXiv1406.7144S,
  author	= {{Sieber}, J. and {Engelborghs}, K. and {Luzyanina}, T. and
		  {Samaey}, G. and {Roose}, D.},
  title		= {{DDE-BIFTOOL Manual - Bifurcation analysis of delay
		  differential equations}},
  year		= 2014,
  month		= jun,
  eprint	= {1406.7144},
  eprintclass	= {math.DS}
}

@Article{Adams:2001jb,
  author	= "Adams, Allan and Silverstein, Eva",
  title		= "{Closed string tachyons, AdS / CFT, and large N QCD}",
  eprint	= "hep-th/0103220",
  archiveprefix	= "arXiv",
  reportnumber	= "SLAC-PUB-8797",
  doi		= "10.1103/PhysRevD.64.086001",
  journal	= "Phys. Rev. D",
  volume	= "64",
  pages		= "086001",
  year		= "2001"
}

@Article{Agrawal2016,
  author	= "Agrawal, R. and Jana, D. and Upadhyay, R. K. and Rao, V.
		  S. H.",
  title		= "Complex dynamics of sexually reproductive generalist
		  predator and gestation delay in a food chain model: double
		  {H}opf-bifurcation to Chaos",
  journal	= "Journal of Applied Mathematics and Computing",
  year		= 2016,
  pages		= "1--35",
  issn		= "1865-2085",
  doi		= "10.1007/s12190-016-1048-1"
}

@Article{Al-Hdaibat2016,
  title		= {{Initialization of homoclinic solutions near
		  Bogdanov--Takens points: Lindstedt--Poincar\'e compared
		  with regular perturbation method}},
  author	= {Al-Hdaibat, B. and Govaerts, W. and Kuznetsov, {\mbox {Yu.
		  A.}} and Meijer, H. G. E.},
  journal	= {SIAM Journal on Applied Dynamical Systems},
  year		= 2016,
  number	= 2,
  pages		= {952--980},
  volume	= 15,
  publisher	= {SIAM},
  timestamp	= {2016.06.19},
  doi		= {10.1137/15M1017491}
}

@Article{ALGABA2020105012,
  title		= "Computation of all the coefficients for the global
		  connections in the {Z2}-symmetric {T}akens-{B}ogdanov
		  normal forms",
  journal	= "Communications in Nonlinear Science and Numerical
		  Simulation",
  volume	= "81",
  pages		= "105012",
  year		= "2020",
  issn		= "1007-5704",
  doi		= "10.1016/j.cnsns.2019.105012",
  author	= "Antonio Algaba and Kwok-Wai Chung and Bo-Wei Qin and
		  Alejandro J. Rodríguez-Luis",
  keywords	= "Nonlinear time transformation, Perturbation method,
		  Takens-Bogdanov bifurcation, Global connection"
}

@Article{Algaba_2019,
  author	= {Algaba, Antonio and Chung, Kwok-Wai and Qin, Bo-Wei and
		  Rodríguez-Luis, Alejandro J.},
  doi		= {10.1007/s11071-019-05025-2},
  number	= {2},
  pages		= {979-990},
  source	= {Crossref},
  volume	= {97},
  journal	= {Nonlinear Dyn.},
  publisher	= {Springer Science and Business Media LLC},
  title		= {A nonlinear time transformation method to compute all the
		  coefficients for the homoclinic bifurcation in the
		  quadratic {T}akens--{B}ogdanov normal form},
  issn		= {0924-090X, 1573-269X},
  year		= {2019},
  month		= jun
}

@Book{Aristotle,
  title		= {On the heavens},
  author	= {Aristotle},
  publisher	= {book I, part 5, J. L. Stocks' translation. The passage is
		  also quoted in the Stanford Encyclopedia of Philosophy in
		  their entry on chaos.}
}

@Article{Armoni:2003gp,
  author	= "Armoni, A. and Shifman, M. and Veneziano, G.",
  title		= "{Exact results in non-supersymmetric large N orientifold
		  field theories}",
  eprint	= "hep-th/0302163",
  archiveprefix	= "arXiv",
  reportnumber	= "CERN-TH-2003-022, TPI-MINN-03-04, UMN-TH-2129-03",
  doi		= "10.1016/S0550-3213(03)00538-8",
  journal	= "Nucl. Phys. B",
  volume	= "667",
  pages		= "170--182",
  year		= "2003"
}

@Article{Armoni:2004ub,
  author	= "Armoni, A. and Shifman, M. and Veneziano, G.",
  title		= "{Refining the proof of planar equivalence}",
  eprint	= "hep-th/0412203",
  archiveprefix	= "arXiv",
  reportnumber	= "CERN-PH-TH-2004-248, SWAT-421, FTPI-MINN-04-33,
		  UMN-TH-2320-04",
  doi		= "10.1103/PhysRevD.71.045015",
  journal	= "Phys. Rev. D",
  volume	= "71",
  pages		= "045015",
  year		= "2005"
}

@Article{arnold2009proof,
  title		= {Proof of a theorem of AN Kolmogorov on the invariance of
		  quasi-periodic motions under small perturbations of the
		  Hamiltonian},
  author	= {Arnold, Vladimir I},
  journal	= {Collected Works: Representations of Functions, Celestial
		  Mechanics and KAM Theory, 1957--1965},
  pages		= {267--294},
  year		= {2009},
  publisher	= {Springer}
}

@Book{Arnold_1983,
  author	= {Arnol'd, V. I.},
  title		= {Geometrical Methods in the Theory of Ordinary Differential
		  Equations},
  series	= {Grundlehren der Mathematischen Wissenschaften [Fundamental
		  Principles of Mathematical Sciences]},
  volume	= {250},
  edition	= {2nd},
  publisher	= {Springer-Verlag, New York},
  year		= {1988},
  pages		= {xiv+351},
  isbn		= {0-387-96649-8},
  mrclass	= {58Fxx (34Cxx 70H05 70K30 70K99)},
  mrnumber	= {947141},
  doi		= {10.1007/978-1-4612-1037-5}
}

@Article{baldoma2020hopf,
  title		= {{H}opf-{Z}ero singularities truly unfold chaos},
  author	= {Baldom{\'a}, I and Ib{\'a}nez, S and Seara, TM},
  journal	= {Communications in Nonlinear Science and Numerical
		  Simulation},
  volume	= {84},
  pages		= {105162},
  year		= {2020},
  publisher	= {Elsevier}
}

@MastersThesis{	  Bellingacci@2017,
  title		= {Bifurcation Analysis in 1D diffusive neural fields models
		  with transmission delays},
  author	= {Bellingacci, R.},
  school	= {Utrecht University},
  year		= 2017,
  address	= {The Netherlands},
  url		= {https://dspace.library.uu.nl/handle/1874/347203}
}

@Book{Bender_1999,
  author	= {Bender, Carl M. and Orszag, Steven A.},
  title		= {Advanced Mathematical Methods for Scientists and Engineers
		  I},
  year		= 1999,
  doi		= {10.1007/978-1-4757-3069-2},
  isbn		= 9781475730692,
  publisher	= {Springer New York}
}

@Article{Benedetti:2017qxl,
  author	= "Benedetti, Dario and Carrozza, Sylvain and Gurau, Razvan
		  and Kolanowski, Maciej",
  title		= "{The $1/N$ expansion of the symmetric traceless and the
		  antisymmetric tensor models in rank three}",
  eprint	= "1712.00249",
  archiveprefix	= "arXiv",
  primaryclass	= "hep-th",
  reportnumber	= "LPT-Orsay-17-77, LPT-ORSAY-17-77",
  doi		= "10.1007/s00220-019-03551-z",
  journal	= "Commun. Math. Phys.",
  volume	= "371",
  number	= "1",
  pages		= "55--97",
  year		= "2019"
}

@Article{Benedetti:2019rja,
  author	= "Benedetti, Dario and Delporte, Nicolas and Harribey,
		  Sabine and Sinha, Ritam",
  title		= "{Sextic tensor field theories in rank $3$ and $5$}",
  eprint	= "1912.06641",
  archiveprefix	= "arXiv",
  primaryclass	= "hep-th",
  doi		= "10.1007/JHEP06(2020)065",
  journal	= "JHEP",
  volume	= "06",
  pages		= "065",
  year		= "2020"
}

@Article{berker1984hierarchical,
  title		= {Hierarchical models and chaotic spin glasses},
  author	= {Berker, A Nihat and McKay, Susan R},
  journal	= {Journal of Statistical Physics},
  volume	= {36},
  number	= {5},
  pages		= {787--793},
  year		= {1984},
  publisher	= {Springer}
}

@Article{Bernard:2001sc,
  author	= "Bernard, Denis and LeClair, Andre",
  title		= "{Strong weak coupling duality in anisotropic current
		  interactions}",
  eprint	= "hep-th/0103096",
  archiveprefix	= "arXiv",
  doi		= "10.1016/S0370-2693(01)00695-5",
  journal	= "Phys. Lett. B",
  volume	= "512",
  pages		= "78--84",
  year		= "2001"
}

@Article{Bershadsky:1998cb,
  author	= "Bershadsky, Michael and Johansen, Andrei",
  title		= "{Large N limit of orbifold field theories}",
  eprint	= "hep-th/9803249",
  archiveprefix	= "arXiv",
  reportnumber	= "HUTP-98-A038",
  doi		= "10.1016/S0550-3213(98)00526-4",
  journal	= "Nucl. Phys. B",
  volume	= "536",
  pages		= "141--148",
  year		= "1998"
}

@Article{Bershadsky:1998mb,
  author	= "Bershadsky, Michael and Kakushadze, Zurab and Vafa,
		  Cumrun",
  title		= "{String expansion as large N expansion of gauge theories}",
  eprint	= "hep-th/9803076",
  archiveprefix	= "arXiv",
  reportnumber	= "HUTP-98-A017, NUB-3170",
  doi		= "10.1016/S0550-3213(98)00272-7",
  journal	= "Nucl. Phys. B",
  volume	= "523",
  pages		= "59--72",
  year		= "1998"
}

@Article{Beyn1990,
  title		= {The numerical computation of connecting orbits in
		  dynamical systems},
  author	= {Beyn, W.-J.},
  journal	= {IMA Journal of Numerical Analysis},
  year		= 1990,
  number	= 3,
  pages		= {379--405},
  volume	= 10,
  doi		= {10.1093/imanum/10.3.379},
  issn		= {0272-4979},
  language	= {English}
}

@Article{beyn1994numerical,
  title		= {{Numerical analysis of homoclinic orbits emanating from a
		  Takens-Bogdanov point}},
  author	= {Beyn, Wolf-J{\"u}rgen},
  journal	= {IMA Journal of Numerical Analysis},
  year		= 1994,
  number	= 3,
  pages		= {381--410},
  volume	= 14,
  publisher	= {Oxford University Press}
}

@Book{Beyn2002149,
  author	= {Beyn, W.-J. and Champneys, A. and Doedel, E. and Govaerts,
		  W. and Kuznetsov, {\mbox {Yu. A}} and Sandstede, B.},
  title		= {Numerical continuation, and computation of normal forms},
  booktitle	= {Handbook of dynamical systems, {V}ol. 2},
  pages		= {149--219},
  publisher	= {North-Holland, Amsterdam},
  year		= 2002,
  mrclass	= {37M20 (34C20 34C23 37Gxx 65P30)},
  mrnumber	= 1900655,
  mrreviewer	= {G. P{\"o}nisch},
  doi		= {10.1016/S1874-575X(02)80025-X}
}

@Article{Beyn_1994,
  author	= {Beyn, W.-J.},
  title		= {Numerical analysis of homoclinic orbits emanating from a
		  {T}akens-{B}ogdanov point},
  year		= 1994,
  volume	= 14,
  number	= 3,
  pages		= {381–410},
  issn		= {1464-3642},
  doi		= {10.1093/imanum/14.3.381},
  journal	= {IMA J. Numer. Anal.},
  publisher	= {Oxford University Press (OUP)}
}

@Article{bezanson2017julia,
  title		= {Julia: A fresh approach to numerical computing},
  author	= {Bezanson, Jeff and Edelman, Alan and Karpinski, Stefan and
		  Shah, Viral B},
  journal	= {SIAM Review},
  volume	= {59},
  number	= {1},
  pages		= {65--98},
  year		= {2017},
  publisher	= {SIAM},
  doi		= {10.1137/141000671}
}

@Article{Binder:2019zqc,
  author	= "Binder, Damon J. and Rychkov, Slava",
  title		= "{Deligne Categories in Lattice Models and Quantum Field
		  Theory, or Making Sense of $O(N)$ Symmetry with Non-integer
		  $N$}",
  eprint	= "1911.07895",
  archiveprefix	= "arXiv",
  primaryclass	= "hep-th",
  reportnumber	= "PUPT-2601",
  doi		= "10.1007/JHEP04(2020)117",
  journal	= "JHEP",
  volume	= "04",
  pages		= "117",
  year		= "2020"
}

@Article{bogdanov,
  author  = {Bogdanov, Rifkat},
  title   = {Bifurcations of a Limit Cycle for a Family of Vector Fields on the Plane.},
  pages   = {373--388},
  volume  = {1},
  journal = {Selecta Math. Soviet},
  year    = {1981},
}

@Article{bogdanov1975zeroEigenvalues,
  title		= {Versal deformations of a singular point of a vector field
		  on the plane in the case of zero eigenvalues},
  author	= {Bogdanov, R.I.},
  journal	= {Functional Analysis and Its Applications},
  year		= 1975,
  number	= 2,
  pages		= {144-145},
  volume	= 9,
  doi		= {10.1007/BF01075453},
  issn		= {0016-2663},
  language	= {English},
  publisher	= {Kluwer Academic Publishers-Plenum Publishers}
}

@Article{Bogdanov1976,
  author	= {Bogdanov, R. I.},
  title		= {The versal deformation of a singular point of a vector
		  field on the plane in the case of zero eigenvalues},
  journal	= {Trudy Sem. Petrovsk.},
  fjournal	= {Moskovski\u{\i} Universitet. Trudy Seminara imeni I. G.
		  Petrovskogo},
  number	= {Vyp. 2},
  year		= {1976},
  pages		= {37--65},
  issn		= {0321-2971},
  mrclass	= {58F99},
  mrnumber	= {0442996},
  mrreviewer	= {Milan Medved'}
}

@Article{Bonzom:2011zz,
  author	= "Bonzom, Valentin and Gurau, Razvan and Riello, Aldo and
		  Rivasseau, Vincent",
  title		= "{Critical behavior of colored tensor models in the large N
		  limit}",
  eprint	= "1105.3122",
  archiveprefix	= "arXiv",
  primaryclass	= "hep-th",
  reportnumber	= "PI-QG-224",
  doi		= "10.1016/j.nuclphysb.2011.07.022",
  journal	= "Nucl. Phys. B",
  volume	= "853",
  pages		= "174--195",
  year		= "2011"
}

@Article{Bos:1987fb,
  author	= "Bos, Michiel",
  title		= "{An Example of Dimensional Regularization With
		  Antisymmetric Tensors}",
  reportnumber	= "MIT-CTP-1516",
  doi		= "10.1016/0003-4916(88)90164-9",
  journal	= "Annals Phys.",
  volume	= "181",
  pages		= "177",
  year		= "1988"
}

@Misc{Bosschaert@2016,
  author	= {Bosschaert, M. M.},
  title		= {Switching from codimension 2 bifurcations of equilibria in
		  delay differential equations},
  year		= 2016,
  url		= {https://dspace.library.uu.nl/handle/1874/334792}
}

@Misc{Bosschaert@Interplay,
  author	= {Maikel M. Bosschaert and Yuri A. Kuznetsov},
  title		= {Interplay between normal forms and center manifold
		  reduction for homoclinic predictors near
		  {B}ogdanov-{T}akens bifurcation},
  year		= {2021},
  eprint	= {arXiv:2109.12570}
}

@Article{Braaten:2004pg,
  author	= "Braaten, Eric and Phillips, Demian",
  title		= "{The Renormalization group limit cycle for the 1/r**2
		  potential}",
  eprint	= "hep-th/0403168",
  archiveprefix	= "arXiv",
  doi		= "10.1103/PhysRevA.70.052111",
  journal	= "Phys. Rev. A",
  volume	= "70",
  pages		= "052111",
  year		= "2004"
}

@Article{Braaten_2004,
  title		= {Renormalization-group limit cycle for the
		  $\frac{1}{r^2}$-potential},
  volume	= {70},
  issn		= {1094-1622},
  url		= {http://dx.doi.org/10.1103/PhysRevA.70.052111},
  doi		= {10.1103/physreva.70.052111},
  number	= {5},
  journal	= {Physical Review A},
  publisher	= {American Physical Society (APS)},
  author	= {Braaten, Eric and Phillips, Demian},
  year		= {2004},
  month		= {Nov}
}

@Article{Bramburger2014,
  author	= {Bramburger, J. and Dionne, B. and LeBlanc, V. G.},
  title		= {Zero-{H}opf bifurcation in the {V}an der {P}ol oscillator
		  with delayed position and velocity feedback},
  journal	= {Nonlinear Dynam.},
  fjournal	= {Nonlinear Dynamics. An International Journal of Nonlinear
		  Dynamics and Chaos in Engineering Systems},
  volume	= 78,
  year		= 2014,
  number	= 4,
  pages		= {2959--2973},
  issn		= {0924-090X},
  mrclass	= {34K18 (34K28 37G05)},
  mrnumber	= 3276936,
  mrreviewer	= {Shangjiang Guo},
  doi		= {10.1007/s11071-014-1638-0}
}

@Book{Broer1991,
  author	= {Broer, H. W. and Dumortier, F. and van Strien, S. J. and
		  Takens, F.},
  title		= {Structures in dynamics},
  series	= {Studies in Mathematical Physics},
  volume	= {2},
  note		= {Finite-dimensional deterministic studies},
  publisher	= {North-Holland Publishing Co., Amsterdam},
  year		= {1991},
  pages		= {xii+309},
  isbn		= {0-444-89257-5; 0-444-89258-3},
  mrclass	= {58Fxx (58F05 58F08 58F13 58F14)},
  mrnumber	= {1134128},
  mrreviewer	= {Hans G. Bothe}
}

@Article{Buckwar@2015,
  author	= {Lima, Pedro M. and Buckwar, Evelyn},
  title		= {Numerical solution of the neural field equation in the
		  two-dimensional case},
  journal	= {SIAM J. Sci. Comput.},
  fjournal	= {SIAM Journal on Scientific Computing},
  volume	= 37,
  year		= 2015,
  number	= 6,
  pages		= {B962--B979},
  mrclass	= {65M06 (45K05 65M12 65R20 92B20)},
  mrnumber	= 3429742,
  mrreviewer	= {Mohammad Asadzadeh}
}

@Article{Bulycheva:2014twa,
  author	= "Bulycheva, K. M. and Gorsky, A. S.",
  title		= "{Limit cycles in renormalization group dynamics}",
  eprint	= "1402.2431",
  archiveprefix	= "arXiv",
  primaryclass	= "hep-th",
  doi		= "10.3367/UFNe.0184.201402g.0182",
  journal	= "Phys. Usp.",
  volume	= "57",
  pages		= "171--182",
  year		= "2014"
}

@Article{ByKov_1978,
  author	= {Bykov, V.I., Iablonskii, G.S., Kim, V.F.},
  title		= {Simple-Model of Kinetic Auto-Oscillation Model in
		  Catalytic Reaction of {CO}-oxidation},
  year		= 1978,
  volume	= 242,
  pages		= {637-639},
  journal	= {Doklady Akademii Nauk SSSR},
  publisher	= {Mezhdunarodnaya Kniga}
}

@Article{Campbell@2005,
  author	= {Landry, Maria and Campbell, Sue Ann and Morris, Kirsten
		  and Aguilar, Cesar O.},
  title		= {Dynamics of an inverted pendulum with delayed feedback
		  control},
  journal	= {SIAM J. Appl. Dyn. Syst.},
  fjournal	= {SIAM Journal on Applied Dynamical Systems},
  volume	= 4,
  year		= 2005,
  number	= 2,
  pages		= {333--351},
  mrclass	= {93D15 (34K20 34K35 70Q05)},
  mrnumber	= 2173531,
  mrreviewer	= {Ji Hong Wang}
}

@Article{cardy2013logarithmic,
  title		= {Logarithmic conformal field theories as limits of ordinary
		  CFTs and some physical applications},
  author	= {Cardy, John},
  journal	= {Journal of Physics A: Mathematical and Theoretical},
  volume	= {46},
  number	= {49},
  pages		= {494001},
  year		= {2013},
  publisher	= {IOP Publishing}
}

@Article{Cardy:1988cwa,
  author	= "Cardy, John L.",
  title		= "{Is There a c Theorem in Four-Dimensions?}",
  doi		= "10.1016/0370-2693(88)90054-8",
  journal	= "Phys. Lett. B",
  volume	= "215",
  pages		= "749--752",
  year		= "1988"
}

@Article{Carrozza:2015adg,
  author	= "Carrozza, Sylvain and Tanasa, Adrian",
  title		= "{$O(N)$ Random Tensor Models}",
  eprint	= "1512.06718",
  archiveprefix	= "arXiv",
  primaryclass	= "math-ph",
  doi		= "10.1007/s11005-016-0879-x",
  journal	= "Lett. Math. Phys.",
  volume	= "106",
  number	= "11",
  pages		= "1531--1559",
  year		= "2016"
}

@Article{Carrozza:2018ewt,
  author	= "Carrozza, Sylvain",
  title		= "{Large $N$ limit of irreducible tensor models: $O(N)$
		  rank-$3$ tensors with mixed permutation symmetry}",
  eprint	= "1803.02496",
  archiveprefix	= "arXiv",
  primaryclass	= "hep-th",
  doi		= "10.1007/JHEP06(2018)039",
  journal	= "JHEP",
  volume	= "06",
  pages		= "039",
  year		= "2018"
}

@Article{Casini:2012ei,
  author	= "Casini, H. and Huerta, Marina",
  title		= "{On the RG running of the entanglement entropy of a
		  circle}",
  eprint	= "1202.5650",
  archiveprefix	= "arXiv",
  primaryclass	= "hep-th",
  doi		= "10.1103/PhysRevD.85.125016",
  journal	= "Phys. Rev. D",
  volume	= "85",
  pages		= "125016",
  year		= "2012"
}

@Article{Champneys1996,
  doi		= {10.1142/s0218127496000485},
  year		= {1996},
  month		= may,
  publisher	= {World Scientific Pub Co Pte Lt},
  volume	= {6},
  number	= {05},
  pages		= {867--887},
  author	= {A.R. Champneys and {\mbox {Yu.A}}. Kuznetsov and B.
		  Sandstede},
  title		= {A {numerical} {toolbox} {for} {homoclinic} {bifurcation}
		  {analysis}},
  journal	= {Int. J. Bifurcation and Chaos}
}

@Article{champneys2004entwined,
  title		= {The entwined wiggling of homoclinic curves emerging from
		  saddle-node/Hopf instabilities},
  author	= {Champneys, AR and Kirk, V},
  journal	= {Physica D: Nonlinear Phenomena},
  volume	= {195},
  number	= {1-2},
  pages		= {77--105},
  year		= {2004},
  publisher	= {Elsevier}
}

@Article{Chaudhuri:2020xxb,
  author	= "Chaudhuri, Soumyadeep and Choi, Changha and Rabinovici,
		  Eliezer",
  title		= "{Thermal order in large N conformal gauge theories}",
  eprint	= "2011.13981",
  archiveprefix	= "arXiv",
  primaryclass	= "hep-th",
  doi		= "10.1007/JHEP04(2021)203",
  journal	= "JHEP",
  volume	= "04",
  pages		= "203",
  year		= "2021"
}

@Article{Chen2009,
  doi		= {10.1016/j.jsv.2008.11.015},
  year		= {2009},
  month		= apr,
  publisher	= {Elsevier {BV}},
  volume	= {322},
  number	= {1-2},
  pages		= {381--392},
  author	= {S.H. Chen and Y.Y. Chen and K.Y. Sze},
  title		= {A hyperbolic perturbation method for determining
		  homoclinic solution of certain strongly nonlinear
		  autonomous oscillators},
  journal	= {J. Sound Vibration}
}

@Article{Chen@2009A,
  author	= {Chen, Y.Y. and Chen, S.H.},
  doi		= {10.1007/s11071-009-9489-9},
  number	= {1-2},
  pages		= {417-429},
  source	= {Crossref},
  volume	= {58},
  journal	= {Nonlinear Dyn},
  publisher	= {Springer Science and Business Media LLC},
  title		= {Homoclinic and heteroclinic solutions of cubic strongly
		  nonlinear autonomous oscillators by the hyperbolic
		  perturbation method},
  issn		= {0924-090X, 1573-269X},
  year		= {2009},
  month		= mar
}

@Article{Chen@2009B,
  author	= {Chen, Y.Y. and Chen, S.H. and Sze, K.Y.},
  doi		= {10.1007/s10409-009-0276-0},
  number	= {5},
  pages		= {721-729},
  source	= {Crossref},
  volume	= {25},
  journal	= {Acta Mech. Sin.},
  publisher	= {Springer Science and Business Media LLC},
  title		= {A hyperbolic {L}indstedt--{P}oincar\'e method for homoclinic
		  motion of a kind of strongly nonlinear autonomous
		  oscillators},
  issn		= {0567-7718, 1614-3116},
  year		= {2009},
  month		= jul
}

@Article{Chen@2010,
  author	= {Chen, ShuHui and Chen, YangYang and Sze, Kam Yim},
  doi		= {10.1007/s11431-010-0069-5},
  number	= {3},
  pages		= {692-702},
  source	= {Crossref},
  volume	= {53},
  journal	= {Sci. China Technol. Sci.},
  publisher	= {Springer Science and Business Media LLC},
  title		= {Homoclinic and heteroclinic solutions of cubic strongly
		  nonlinear autonomous oscillators by hyperbolic
          {L}indstedt-{P}oincar\'e method},
  issn		= {1674-7321, 1869-1900},
  year		= {2010},
  month		= mar
}

@Article{Chen@2012,
  author	= {Chen, Yang-yang and Yan, Le-wei and Sze, Kam-yim and Chen,
		  Shu-hui},
  doi		= {10.1007/s10483-012-1611-6},
  number	= {9},
  pages		= {1137-1152},
  source	= {Crossref},
  volume	= {33},
  journal	= {Appl. Math. Mech.-Engl. Ed.},
  publisher	= {Springer Science and Business Media LLC},
  title		= {Generalized hyperbolic perturbation method for homoclinic
		  solutions of strongly nonlinear autonomous systems},
  issn		= {0253-4827, 1573-2754},
  year		= {2012},
  month		= aug
}

@Article{chow1977integral,
  title		= {Integral averaging and bifurcation},
  author	= {Chow, Shui-Nee and Mallet-Paret, John},
  journal	= {Journal of differential equations},
  volume	= {26},
  number	= {1},
  pages		= {112--159},
  year		= {1977},
  publisher	= {Academic Press}
}

@Book{chow_li_wang_1994,
  author	= {Chow, Shui-Nee and Li, Chengzhi and Wang, Duo},
  title		= {Normal Forms and Bifurcation of Planar Vector Fields},
  year		= 1994,
  publisher	= {Cambridge University Press},
  doi		= {10.1017/CBO9780511665639},
  place		= {Cambridge}
}

@Article{Clement1987,
  author	= {Cl{\'e}ment, Ph. and Diekmann, O. and Gyllenberg, M. and
		  Heijmans, H. J. A. M. and Thieme, H. R.},
  title		= {Perturbation theory for dual semigroups. {I}. The
		  sun-reflexive case},
  year		= 1987,
  volume	= 277,
  number	= 4,
  pages		= {709--725},
  groups	= {Delay Equations},
  journal	= {Math. Ann.},
  doi		= {10.1007/BF01457866}
}

@Article{Clement1988,
  author	= {Cl{\'e}ment, Ph. and Diekmann, O. and Gyllenberg, M. and
		  Heijmans, H. J. A. M. and Thieme, H. R.},
  title		= {Perturbation theory for dual semigroups. {II}.
		  Time-dependent perturbations in the sun-reflexive case},
  year		= 1988,
  volume	= 109,
  number	= {1-2},
  pages		= {145--172},
  groups	= {Delay Equations},
  journal	= {Proc. Roy. Soc. Edinburgh Sect. A},
  doi		= {10.1017/S0308210500026731}
}

@Book{Clement1989,
  author	= {Cl{\'e}ment, Ph. and Diekmann, O. and Gyllenberg, M. and
		  Heijmans, H. J. A. M. and Thieme, H. R.},
  title		= {Perturbation theory for dual semigroups. {III}. Nonlinear
		  {L}ipschitz continuous perturbations in the sun-reflexive
		  case},
  booktitle	= {Volterra integrodifferential equations in {B}anach spaces
		  and applications (Trento, 1987)},
  year		= 1989,
  volume	= 190,
  series	= {Pitman Res. Notes Math. Ser.},
  publisher	= {Longman Sci. Tech.},
  pages		= {67--89},
  address	= {Harlow},
  groups	= {Delay Equations}
}

@Book{Clement1989b,
  author	= {Cl{\'e}ment, Ph. and Diekmann, O. and Gyllenberg, M. and
		  Heijmans, H. J. A. M. and Thieme, H. R.},
  title		= {Perturbation theory for dual semigroups. {IV}. The
		  intertwining formula and the canonical pairing},
  booktitle	= {Semigroup Theory and Applications (Trieste, 1987)},
  year		= 1989,
  volume	= 116,
  series	= {Lecture Notes in Pure and Appl. Math.},
  publisher	= {Dekker},
  pages		= {95--116},
  address	= {New York},
  groups	= {Delay Equations}
}

@Misc{clmatcont,
  title		= {Cl\_matcont: a continuation toolbox in Matlab},
  author	= {Dhooge, A. and Govaerts, W. and Kuznetsov, {\mbox {Yu. A}}
		  and Meijer, H. G. E.},
  url		= {https://sourceforge.net/projects/matcont/},
  urldate	= {2017/03/03},
  note		= {version 5p4},
  year		= 2014
}

@Book{Collins:1984xc,
  author	= "Collins, John C.",
  title		= "{Renormalization}: {An Introduction to Renormalization,
		  The Renormalization Group, and the Operator Product
		  Expansion}",
  doi		= "10.1017/CBO9780511622656",
  isbn		= "978-0-521-31177-9, 978-0-511-86739-2",
  publisher	= "Cambridge University Press",
  address	= "Cambridge",
  series	= "Cambridge Monographs on Mathematical Physics",
  volume	= "26",
  year		= "1986"
}

@Article{connecting@2002,
  author	= {Samaey, Giovanni and Engelborghs, Koen and Roose, Dirk},
  title		= {Numerical computation of connecting orbits in delay
		  differential equations},
  journal	= {Numer. Algorithms},
  fjournal	= {Numerical Algorithms},
  volume	= {30},
  year		= {2002},
  number	= {3-4},
  pages		= {335--352},
  issn		= {1017-1398},
  mrclass	= {34K18 (34C37 37M20 65P40)},
  mrnumber	= {1927509},
  doi		= {10.1023/A:1020102317544},
  url		= {https://doi-org.proxy.library.uu.nl/10.1023/A:1020102317544}
}

@Article{Coullet1983competinginstabilities,
  author	= {Coullet, P. H. and Spiegel, E. A.},
  title		= {Amplitude equations for systems with competing
		  instabilities},
  journal	= {SIAM J. Appl. Math.},
  fjournal	= {SIAM Journal on Applied Mathematics},
  volume	= 43,
  year		= 1983,
  number	= 4,
  pages		= {776--821},
  issn		= {0036-1399},
  coden		= {SMJMAP},
  mrclass	= {58F14 (35B32 76R99)},
  mrnumber	= 709738,
  mrreviewer	= {Philip J. Holmes},
  doi		= {10.1137/0143052}
}

@Article{Crandall1971321,
  title		= {{Bifurcation from simple eigenvalues}},
  author	= {Crandall, Michael G and Rabinowitz, Paul H},
  journal	= {Journal of Functional Analysis},
  year		= 1971,
  number	= 2,
  pages		= {321--340},
  volume	= 8,
  doi		= {10.1016/0022-1236(71)90015-2},
  issn		= {0022-1236}
}

@Article{Csaki:1999uy,
  author	= "Csaki, Csaba and Skiba, Witold and Terning, John",
  title		= "{Beta functions of orbifold theories and the hierarchy
		  problem}",
  eprint	= "hep-th/9906057",
  archiveprefix	= "arXiv",
  reportnumber	= "LBNL-43423, UCB-PTH-99-27, UCSD-PTH-99-07, LBL-43423",
  doi		= "10.1103/PhysRevD.61.025019",
  journal	= "Phys. Rev. D",
  volume	= "61",
  pages		= "025019",
  year		= "2000"
}

@Article{Curtright:2011qg,
  author	= "Curtright, Thomas L. and Jin, Xiang and Zachos, Cosmas K.",
  title		= "{RG flows, cycles, and c-theorem folklore}",
  eprint	= "1111.2649",
  archiveprefix	= "arXiv",
  primaryclass	= "hep-th",
  reportnumber	= "ANL-HEP-PR-11-69, UMTG-25",
  doi		= "10.1103/PhysRevLett.108.131601",
  journal	= "Phys. Rev. Lett.",
  volume	= "108",
  pages		= "131601",
  year		= "2012"
}

@Book{cvitanovic2017universality,
  title		= {Universality in chaos},
  author	= {Cvitanovic, Predrag},
  year		= {2017},
  publisher	= {Routledge}
}

@Article{Damgaard:1990ik,
  author	= "Damgaard, P. H. and Thorleifsson, G.",
  title		= "{Chaotic renormalization group trajectories}",
  reportnumber	= "PRINT-90-0668 (DENMARK)",
  doi		= "10.1103/PhysRevA.44.2738",
  journal	= "Phys. Rev. A",
  volume	= "44",
  pages		= "2738",
  year		= "1991"
}

@Article{Damgaard:1991zb,
  author	= "Damgaard, P. H.",
  title		= "{Stability and instability of renormalization group
		  flows}",
  reportnumber	= "CERN-TH-6073-91",
  doi		= "10.1142/S0217751X92003197",
  journal	= "Int. J. Mod. Phys. A",
  volume	= "7",
  pages		= "6933--6950",
  year		= "1992"
}

@InProceedings{	  Damgaard:1991zh,
  author	= "Damgaard, P. H.",
  title		= "{Chaotic renormalization group transformations}",
  booktitle	= "{2nd JINR Conference on Renormalization Group}",
  reportnumber	= "PRINT-91-0362 (DENMARK)",
  month		= "9",
  year		= "1991"
}

@Article{DanischKrumbiegel2021,
  doi		= {10.21105/joss.03349},
  url		= {https://doi.org/10.21105/joss.03349},
  year		= {2021},
  publisher	= {The Open Journal},
  volume	= {6},
  number	= {65},
  pages		= {3349},
  author	= {Simon Danisch and Julius Krumbiegel},
  title		= {Makie.jl: Flexible high-performance data visualization for
		  Julia},
  journal	= {Journal of Open Source Software}
}

@Article{Dawid:2017ahd,
  author	= "Dawid, Sebastian M. and Gonsior, R. and Kwapisz, J. and
		  Serafin, K. and Tobolski, M. and G\l{}azek, S. D.",
  title		= "{Renormalization group procedure for potential $-g/r^2$}",
  eprint	= "1704.08206",
  archiveprefix	= "arXiv",
  primaryclass	= "quant-ph",
  doi		= "10.1016/j.physletb.2017.12.028",
  journal	= "Phys. Lett. B",
  volume	= "777",
  pages		= "260--264",
  year		= "2018"
}

@Article{DDEBIFTOOL,
  author	= {Engelborghs, K. and Luzyanina, T. and Roose, D.},
  title		= {Numerical bifurcation analysis of delay differential
		  equations using {DDE}-{BIFTOOL}},
  journal	= {ACM Trans. Math. Software},
  fjournal	= {Association for Computing Machinery. Transactions on
		  Mathematical Software},
  volume	= 28,
  year		= 2002,
  number	= 1,
  pages		= {1--21},
  issn		= {0098-3500},
  coden		= {ACMSCU},
  mrclass	= {65P30},
  mrnumber	= 1918642,
  doi		= {10.1145/513001.513002}
}

@Book{de1979scaling,
  title		= {Scaling concepts in polymer physics},
  author	= {De Gennes, Pierre-Gilles and Gennes, Pierre-Gilles},
  year		= {1979},
  publisher	= {Cornell university press}
}

@Article{DellaRossa2011,
  author	= {De Witte, V. and Della Rossa, F. and Govaerts, W. and
		  Kuznetsov, {\mbox {Yu. A}}},
  title		= {Numerical periodic normalization for codim 2 bifurcations
		  of limit cycles: computational formulas, numerical
		  implementation, and examples},
  journal	= {SIAM J. Appl. Dyn. Syst.},
  fjournal	= {SIAM Journal on Applied Dynamical Systems},
  volume	= 12,
  year		= 2013,
  number	= 2,
  pages		= {722--788},
  issn		= {1536-0040},
  doi		= {10.1137/120874904}
}

@Book{devaney1989introduction,
  title		= {An introduction to chaotic dynamical systems},
  author	= {Devaney, Robert L},
  year		= {1989},
  publisher	= {Chapman and Hall/CRC}
}

@Article{DeWitte2012,
  doi		= {10.1145/2168773.2168776},
  year		= {2012},
  month		= apr,
  publisher	= {Association for Computing Machinery ({ACM})},
  volume	= {38},
  number	= {3},
  pages		= {1--34},
  author	= {Virginie De Witte and Willy Govaerts and {\mbox {Yu. A}}.
		  Kuznetsov and Mark Friedman},
  title		= {Interactive Initialization and Continuation of Homoclinic
		  and Heteroclinic Orbits in {MATLAB}},
  journal	= {{ACM} Transactions on Mathematical Software}
}

@Article{DeWitte2013,
  author	= {De Witte, V. and Della Rossa, F. and Govaerts, W. and
		  Kuznetsov, Yu. A.},
  title		= {Numerical periodic normalization for codim 2 bifurcations
		  of limit cycles: computational formulas, numerical
		  implementation, and examples},
  journal	= {SIAM J. Appl. Dyn. Syst.},
  fjournal	= {SIAM Journal on Applied Dynamical Systems},
  volume	= 12,
  year		= 2013,
  number	= 2,
  pages		= {722--788},
  doi		= {10.1137/120874904}
}

@Article{DeWitte2014,
  author	= {De Witte, V. and Govaerts, W. and Kuznetsov, Yu. A. and
		  Meijer, H. G. E.},
  title		= {Analysis of bifurcations of limit cycles with {L}yapunov
		  exponents and numerical normal forms},
  journal	= {Phys. D},
  fjournal	= {Physica D. Nonlinear Phenomena},
  volume	= 269,
  year		= 2014,
  pages		= {126--141},
  doi		= {10.1016/j.physd.2013.12.002}
}

@InProceedings{	  Dhooge:2003:CCT:952532.952567,
  author	= {Dhooge, A. and Govaerts, W. and Kuznetsov, {\mbox{Yu. A}}
		  and Mestrom, W. and Riet, A. M.},
  title		= {Cl\_Matcont: A Continuation Toolbox in Matlab},
  booktitle	= {Proceedings of the 2003 ACM Symposium on Applied
		  Computing},
  series	= {SAC '03},
  year		= 2003,
  isbn		= {1-58113-624-2},
  location	= {Melbourne, Florida},
  pages		= {161--166},
  numpages	= 6,
  doi		= {10.1145/952532.952567},
  acmid		= 952567,
  publisher	= {ACM},
  keywords	= {Matlab, bifurcation, continuation}
}

@Article{diekmann1987Perturbation,
  title		= {Perturbation theory for dual semigroups},
  author	= {Cl\'ement, Ph. and Diekmann, O. and Gyllenberg, M. and
		  Heijmans, H. J. A. M. and Thieme, H. R.},
  journal	= {Mathematische Annalen},
  year		= 1987,
  number	= 4,
  pages		= {709-725},
  volume	= 277,
  doi		= {10.1007/BF01457866},
  issn		= {0025-5831},
  language	= {English},
  publisher	= {Springer-Verlag}
}

@Book{diekmann1991centermanifoldraey,
  author	= {Diekmann, O. and van Gils, S. A.},
  title		= {The center manifold for delay equations in the light of
		  suns and stars},
  booktitle	= {Singularity theory and its applications, {P}art {II}
		  ({C}oventry, 1988/1989)},
  series	= {Lecture Notes in Math.},
  volume	= 1463,
  pages		= {122--141},
  publisher	= {Springer},
  year		= 1991,
  address	= {Berlin},
  mrclass	= {47N20 (34G20 34K15 47D03 58F14)},
  mrnumber	= 1129051,
  mrreviewer	= {G. F. Webb},
  doi		= {10.1007/BFb0085429}
}

@Book{diekmann1995delay,
  title		= {Delay Equations: Functional-, Complex-, and Nonlinear
		  Analysis},
  author	= {Diekmann, O. and van Gils, S. A. and Verduyn Lunel, S. M.
		  and Walther, H.-O.},
  publisher	= {Springer},
  year		= 1995,
  series	= {Applied Mathematical Sciences},
  isbn		= 9780387944166,
  issn		= {0066-5452},
  lccn		= 94041858,
  doi		= {10.1007/978-1-4612-4206-2}
}

@Article{diekmann2007stability,
  title		= {Stability and bifurcation analysis of {V}olterra
		  functional equations in the light of suns and stars},
  author	= {Diekmann, Odo and Getto, Philipp and Gyllenberg, Mats},
  journal	= {SIAM Journal on Mathematical Analysis},
  year		= 2007,
  number	= 4,
  pages		= {1023--1069},
  volume	= 39,
  publisher	= {SIAM},
  doi		= {10.1137/060659211}
}

@Book{Diekmann2008,
  author	= {Diekmann, O. and Gyllenberg, M.},
  title		= {Abstract delay equations inspired by population dynamics},
  booktitle	= {Functional Analysis and Evolution Equations},
  pages		= {187--200},
  publisher	= {Birkh\"auser},
  year		= 2008,
  mrclass	= {47N20 (45G10 47D06 92D25)},
  mrnumber	= 2402728,
  doi		= {10.1007/978-3-7643-7794-6\_12}
}

@Article{Diekmann2012blending,
  author	= {Diekmann, O. and Gyllenberg, M.},
  title		= {Equations with infinite delay: blending the abstract and
		  the concrete},
  journal	= {J. Differential Equations},
  fjournal	= {Journal of Differential Equations},
  volume	= 252,
  year		= 2012,
  number	= 2,
  pages		= {819--851},
  issn		= {0022-0396},
  coden		= {JDEQAK},
  mrclass	= {34K30 (45D05 45J05)},
  mrnumber	= 2853522,
  mrreviewer	= {Olusola Akinyele},
  doi		= {10.1016/j.jde.2011.09.038}
}

@Article{Dijkstra2015,
  author	= {Dijkstra, K. and van Gils, S. A. and Janssens, S. G. and
		  Kuznetsov, {\mbox{Yu. A.}} and Visser, S.},
  title		= {Pitchfork-{H}opf bifurcations in 1{D} neural field models
		  with transmission delays},
  journal	= {Phys. D},
  fjournal	= {Physica D. Nonlinear Phenomena},
  volume	= 297,
  year		= 2015,
  pages		= {88--101},
  issn		= {0167-2789},
  mrclass	= {92B20 (37G05 37M20)},
  mrnumber	= 3318680,
  doi		= {10.1016/j.physd.2015.01.004}
}

@Article{Ding@2016,
  author	= {Ding, Yuting and Cao, Jun and Jiang, Weihua},
  title		= {Double {H}opf bifurcation in active control system with
		  delayed feedback: application to glue dosing processes for
		  particleboard},
  journal	= {Nonlinear Dynam.},
  fjournal	= {Nonlinear Dynamics. An International Journal of Nonlinear
		  Dynamics and Chaos in Engineering Systems},
  volume	= 83,
  year		= 2016,
  number	= 3,
  pages		= {1567--1576},
  issn		= {0924-090X},
  mrclass	= {34K18 (37G15 93B52)},
  mrnumber	= 3449494,
  doi		= {10.1007/s11071-015-2431-4}
}

@Article{Doedel1986auto,
  title		= {{AUTO}: Software for continuation problems in ordinary
		  differential equations with applications},
  author	= {Doedel, E and Kern{\'e}vez, J},
  journal	= {Applied Mathematics, California Institute of Technology,
		  Pasadena, CA},
  year		= {1986}
}

@Article{Doedel@1989,
  author	= {Doedel, Eusebius J. and Friedman, Mark J.},
  title		= {Numerical computation of heteroclinic orbits},
  journal	= {J. Comput. Appl. Math.},
  fjournal	= {Journal of Computational and Applied Mathematics},
  volume	= {26},
  year		= {1989},
  number	= {1-2},
  pages		= {155--170},
  issn		= {0377-0427},
  mrclass	= {58F14 (58-04 65L99 65P05)},
  mrnumber	= {1007358},
  mrreviewer	= {Claudine Schmidt-Lain\'{e}},
  doi		= {10.1016/0377-0427(89)90153-2}
}

@Article{Dolan:1994wt,
  author	= "Dolan, Brian P.",
  title		= "{Chaotic behavior of renormalization flow in a complex
		  magnetic field}",
  eprint	= "cond-mat/9412031",
  archiveprefix	= "arXiv",
  reportnumber	= "DIAS-STP-94-39",
  doi		= "10.1103/PhysRevE.52.4512",
  journal	= "Phys. Rev. E",
  volume	= "52",
  pages		= "4512--4515",
  year		= "1995",
  note		= "[Erratum: Phys.Rev.E 53, 6590 (1996)]"
}

@Article{dong2013bogdanov,
  author	= {Dong, Tao and Liao, Xiaofeng},
  title		= {Bogdanov-{T}akens bifurcation in a tri-neuron {BAM} neural
		  network model with multiple delays},
  journal	= {Nonlinear Dynam.},
  fjournal	= {Nonlinear Dynamics. An International Journal of Nonlinear
		  Dynamics and Chaos in Engineering Systems},
  volume	= 71,
  year		= 2013,
  number	= 3,
  pages		= {583--595},
  issn		= {0924-090X},
  mrclass	= {34K18},
  mrnumber	= 3015263,
  mrreviewer	= {Changjin Xu},
  doi		= {10.1007/s11071-012-0683-9}
}

@Article{Douglas:1996sw,
  author	= "Douglas, Michael R. and Moore, Gregory W.",
  title		= "{D-branes, quivers, and ALE instantons}",
  eprint	= "hep-th/9603167",
  archiveprefix	= "arXiv",
  reportnumber	= "RU-96-15, YCTP-P5-96",
  month		= "3",
  year		= "1996"
}

@Article{Dubovsky:2000zc,
  author	= "Dubovsky, S.L.",
  title		= "{Orbifold projection in supersymmetric QCD at N(f) less
		  than or = to N(c)}",
  eprint	= "hep-th/0001186",
  archiveprefix	= "arXiv",
  doi		= "10.1016/S0370-2693(00)01099-6",
  journal	= "Phys. Lett. B",
  volume	= "492",
  pages		= "369--375",
  year		= "2000"
}

@Article{Dugan:1990df,
  author	= "Dugan, Michael J. and Grinstein, Benjamin",
  title		= "{On the vanishing of evanescent operators}",
  reportnumber	= "HUTP-90-A072",
  doi		= "10.1016/0370-2693(91)90680-O",
  journal	= "Phys. Lett. B",
  volume	= "256",
  pages		= "239--244",
  year		= "1991"
}

@Book{duistermaat2002analyse,
  title		= {{Analyse van gewone differentiaalvergelijkingen}},
  author	= {Duistermaat, Johannes Jisse and Eckhaus, Wiktor},
  publisher	= {Epsilon Uitgaven},
  year		= 2002
}

@Article{Dymarsky:2005nc,
  author	= "Dymarsky, A. and Klebanov, I.R. and Roiban, R.",
  title		= "{Perturbative gauge theory and closed string tachyons}",
  eprint	= "hep-th/0509132",
  archiveprefix	= "arXiv",
  reportnumber	= "PUPT-2174, ITEP-TH-56-05",
  doi		= "10.1088/1126-6708/2005/11/038",
  journal	= "JHEP",
  volume	= "11",
  pages		= "038",
  year		= "2005"
}

@Article{Dymarsky:2005uh,
  author	= "Dymarsky, A. and Klebanov, I.R. and Roiban, R.",
  title		= "{Perturbative search for fixed lines in large N gauge
		  theories}",
  eprint	= "hep-th/0505099",
  archiveprefix	= "arXiv",
  reportnumber	= "PUPT-2160",
  doi		= "10.1088/1126-6708/2005/08/011",
  journal	= "JHEP",
  volume	= "08",
  pages		= "011",
  year		= "2005"
}

@PhDThesis{	  eemcs23164,
  title		= {From spiking neurons to brain waves},
  author	= {Sid {Visser}},
  school	= {University of Twente},
  year		= 2013,
  address	= {Enschede},
  eprintid	= 23164,
  funding	= {NWO 635.100.019, From spiking neurons to brain waves},
  howpublished	= {http://eprints.eemcs.utwente.nl/23164/},
  id_number	= {10.3990/1.9789036535083},
  isbn_13	= {978-90-365-3508-3},
  keywords	= {Mathematical modeling, Neural networks, Dynamical systems
		  theory},
  num_pages	= 153,
  phd_type	= {A},
  research_groups={EWI-AA: Applied Analysis, TNW-CNPH: Clinical
		  Neurophysiology},
  research_programs={MIRA-Neural and Motor Systems},
  research_projects={Spiking Neurons: From spiking neurons to brain waves},
  supervisors	= {S. A. {van Gils} and M. J. A. M. {van Putten}},
  doi		= {10.11948/2011023}
}

@Article{efimov1970energy,
  title		= {Energy levels arising from resonant two-body forces in a
		  three-body system},
  author	= {Efimov, Vitaly},
  journal	= {Physics Letters B},
  volume	= {33},
  number	= {8},
  pages		= {563--564},
  year		= {1970},
  publisher	= {Elsevier}
}

@Article{Eguchi:1982nm,
  author	= "Eguchi, Tohru and Kawai, Hikaru",
  title		= "{Reduction of Dynamical Degrees of Freedom in the Large N
		  Gauge Theory}",
  reportnumber	= "UT-378-TOKYO",
  doi		= "10.1103/PhysRevLett.48.1063",
  journal	= "Phys. Rev. Lett.",
  volume	= "48",
  pages		= "1063",
  year		= "1982"
}

@Book{Engel2000,
  author	= {Engel, K.-J. and Nagel, R.},
  title		= {One-Parameter Semigroups for Linear Evolution Equations},
  year		= 2000,
  volume	= 194,
  series	= {Graduate Texts in Mathematics},
  publisher	= {Springer},
  address	= {New York},
  doi		= {10.1007/b97696}
}

@Book{Engel2006,
  author	= {Engel, K.-J. and Nagel, R.},
  title		= {A Short Course on Operator Semigroups},
  year		= 2006,
  series	= {Universitext},
  publisher	= {Springer},
  doi		= {10.1007/0-387-36619-9}
}

@Article{Erlich:1998gb,
  author	= "Erlich, Joshua and Naqvi, Asad",
  title		= "{Nonperturbative tests of the parent / orbifold
		  correspondence in supersymmetric gauge theories}",
  eprint	= "hep-th/9808026",
  archiveprefix	= "arXiv",
  reportnumber	= "MIT-CTP-2772",
  doi		= "10.1088/1126-6708/2002/12/047",
  journal	= "JHEP",
  volume	= "12",
  pages		= "047",
  year		= "2002"
}

@Article{faedo2021multiple,
  title		= {Multiple Mass Hierarchies from Complex Fixed Point
		  Collisions},
  author	= {Faedo, Anton F and Hoyos, Carlos and Mateos, David and
		  Subils, Javier G},
  journal	= {arXiv preprint arXiv:2106.01802},
  year		= {2021}
}

@Article{Faria1995,
  title		= {Normal forms for retarded functional differential
		  equations with parameters and applications to {H}opf
		  bifurcation},
  author	= {Faria, Teresa and Magalh{\~a}es, Luis T.},
  journal	= {Journal of differential equations},
  year		= 1995,
  number	= 2,
  pages		= {181--200},
  volume	= 122,
  owner		= {maikel},
  publisher	= {Elsevier},
  timestamp	= {2016.06.06},
  doi		= {10.1006/jdeq.1995.1144}
}

@Article{Faria1995201,
  author	= {Faria, Teresa and Magalh{\~a}es, Luis T.},
  title		= {Normal forms for retarded functional-differential
		  equations and applications to {B}ogdanov-{T}akens
		  singularity},
  journal	= {J. Differential Equations},
  fjournal	= {Journal of Differential Equations},
  volume	= 122,
  year		= 1995,
  number	= 2,
  pages		= {201--224},
  issn		= {0022-0396},
  coden		= {JDEQAK},
  mrclass	= {34K15 (34C20 58F36)},
  mrnumber	= 1355889,
  mrreviewer	= {Harlan W. Stech},
  doi		= {10.1006/jdeq.1995.1145}
}

@Article{Faugeras@2010,
  author	= {Faye, Gr\'egory and Faugeras, Olivier},
  title		= {Some theoretical and numerical results for delayed neural
		  field equations},
  journal	= {Phys. D},
  fjournal	= {Physica D. Nonlinear Phenomena},
  volume	= 239,
  year		= 2010,
  number	= 9,
  pages		= {561--578},
  mrclass	= {92C20 (34K05 34K20 37N25 45K05 65M20)},
  mrnumber	= 2595822
}

@Article{fei2015three,
  title		= {Three loop analysis of the critical O (N) models in 6-
		  $\varepsilon$ dimensions},
  author	= {Fei, Lin and Giombi, Simone and Klebanov, Igor R and
		  Tarnopolsky, Grigory},
  journal	= {Physical Review D},
  volume	= {91},
  number	= {4},
  pages		= {045011},
  year		= {2015},
  publisher	= {APS}
}

@Article{Fei:2014xta,
  author	= "Fei, Lin and Giombi, Simone and Klebanov, Igor R. and
		  Tarnopolsky, Grigory",
  title		= "{Three loop analysis of the critical O(N) models in
		  6-\ensuremath{\varepsilon} dimensions}",
  eprint	= "1411.1099",
  archiveprefix	= "arXiv",
  primaryclass	= "hep-th",
  reportnumber	= "PUPT-2474",
  doi		= "10.1103/PhysRevD.91.045011",
  journal	= "Phys. Rev. D",
  volume	= "91",
  number	= "4",
  pages		= "045011",
  year		= "2015"
}

@Article{Fei:2014yja,
  author	= "Fei, Lin and Giombi, Simone and Klebanov, Igor R.",
  title		= "{Critical $O(N)$ models in $6-\epsilon$ dimensions}",
  eprint	= "1404.1094",
  archiveprefix	= "arXiv",
  primaryclass	= "hep-th",
  reportnumber	= "PUPT-2463",
  doi		= "10.1103/PhysRevD.90.025018",
  journal	= "Phys. Rev. D",
  volume	= "90",
  number	= "2",
  pages		= "025018",
  year		= "2014"
}

@Article{Fei:2015oha,
  author	= "Fei, Lin and Giombi, Simone and Klebanov, Igor R. and
		  Tarnopolsky, Grigory",
  title		= "{Generalized $F$-Theorem and the $\epsilon$ Expansion}",
  eprint	= "1507.01960",
  archiveprefix	= "arXiv",
  primaryclass	= "hep-th",
  reportnumber	= "PUPT-2481",
  doi		= "10.1007/JHEP12(2015)155",
  journal	= "JHEP",
  volume	= "12",
  pages		= "155",
  year		= "2015"
}

@Article{feigenbaum1978quantitative,
  title		= {Quantitative universality for a class of nonlinear
		  transformations},
  author	= {Feigenbaum, Mitchell J},
  journal	= {Journal of statistical physics},
  volume	= {19},
  number	= {1},
  pages		= {25--52},
  year		= {1978},
  publisher	= {Springer}
}

@Misc{Flunkert2009,
  author	= {Flunkert, V. and Sch{\"o}ll, E.},
  title		= {pydelay -- a python tool for solving delay differential
		  equations},
  year		= 2009,
  month		= nov,
  eprint	= {0911.1633},
  eprintclass	= {nlin.CD}
}

@Misc{Flunkert2009Flunkert,
  author	= {Flunkert, V. and Sch{\"o}ll, E.},
  title		= {pydelay -- a python tool for solving delay differential
		  equations},
  year		= 2009,
  month		= nov,
  eprint	= {0911.1633},
  eprintclass	= {nlin.CD}
}

@Article{Fortin:2012cq,
  author	= "Fortin, Jean-Francois and Grinstein, Benjamin and
		  Stergiou, Andreas",
  title		= "{Limit Cycles in Four Dimensions}",
  eprint	= "1206.2921",
  archiveprefix	= "arXiv",
  primaryclass	= "hep-th",
  reportnumber	= "UCSD-PTH-12-08",
  doi		= "10.1007/JHEP12(2012)112",
  journal	= "JHEP",
  volume	= "12",
  pages		= "112",
  year		= "2012"
}

@Article{Fortin:2012hn,
  author	= "Fortin, Jean-Francois and Grinstein, Benjamin and
		  Stergiou, Andreas",
  title		= "{Limit Cycles and Conformal Invariance}",
  eprint	= "1208.3674",
  archiveprefix	= "arXiv",
  primaryclass	= "hep-th",
  reportnumber	= "UCSD-PTH-12-10, CERN-PH-TH-2012-297, SU-ITP-12-38",
  doi		= "10.1007/JHEP01(2013)184",
  journal	= "JHEP",
  volume	= "01",
  pages		= "184",
  year		= "2013"
}

@Article{Friedman2001Continuation,
  author	= {Dieci, L. and Friedman, M.J.},
  doi		= {10.1002/nla.245},
  number	= {5},
  pages		= {317-327},
  source	= {Crossref},
  volume	= {8},
  journal	= {Numer. Linear Algebra Appl.},
  publisher	= {Wiley},
  title		= {Continuation of invariant subspaces},
  issn		= {1070-5325, 1099-1506},
  year		= {2001}
}

@Article{Friedman_1991,
  author	= {Friedman, Mark J. and Doedel, Eusebius J.},
  title		= {Numerical computation and continuation of invariant
		  manifolds connecting fixed points},
  year		= 1991,
  volume	= 28,
  number	= 3,
  month		= {Jun},
  pages		= {789–808},
  issn		= {1095-7170},
  doi		= {10.1137/0728042},
  journal	= {SIAM J. Numer. Anal.},
  publisher	= {Society for Industrial & Applied Mathematics (SIAM)}
}

@Article{Garrappa_2007,
  author	= {Garrappa, R.},
  title		= {Some formulas for sums of binomial coefficients and gamma
		  functions},
  year		= 2007,
  volume	= 2,
  pages		= {725–733},
  issn		= {1314-7536},
  doi		= {10.12988/imf.2007.07064},
  journal	= {Internat. Math. Forum},
  publisher	= {Hikari, Ltd.}
}

@Article{giannakopoulos2001bifurcations,
  title		= {Bifurcations in a planar system of differential delay
		  equations modeling neural activity},
  author	= {Giannakopoulos, Fotios and Zapp, Andreas},
  journal	= {Physica D: Nonlinear Phenomena},
  year		= 2001,
  number	= 3,
  pages		= {215--232},
  volume	= 159,
  publisher	= {Elsevier}
}

@Article{Gies:2005as,
  author	= "Gies, Holger and Jaeckel, Joerg",
  title		= "{Chiral phase structure of QCD with many flavors}",
  eprint	= "hep-ph/0507171",
  archiveprefix	= "arXiv",
  reportnumber	= "DESY-05-126, HD-THEP-05-16",
  doi		= "10.1140/epjc/s2006-02475-0",
  journal	= "Eur. Phys. J. C",
  volume	= "46",
  pages		= "433--438",
  year		= "2006"
}

@Article{Giombi:2014xxa,
  author	= "Giombi, Simone and Klebanov, Igor R.",
  title		= "{Interpolating between $a$ and $F$}",
  eprint	= "1409.1937",
  archiveprefix	= "arXiv",
  primaryclass	= "hep-th",
  reportnumber	= "PUPT-2472",
  doi		= "10.1007/JHEP03(2015)117",
  journal	= "JHEP",
  volume	= "03",
  pages		= "117",
  year		= "2015"
}

@Article{Giombi:2015haa,
  author	= "Giombi, Simone and Klebanov, Igor R. and Tarnopolsky,
		  Grigory",
  title		= "{Conformal QED$_d$, $F$-Theorem and the $\epsilon$
		  Expansion}",
  eprint	= "1508.06354",
  archiveprefix	= "arXiv",
  primaryclass	= "hep-th",
  reportnumber	= "PUPT-2484",
  doi		= "10.1088/1751-8113/49/13/135403",
  journal	= "J. Phys. A",
  volume	= "49",
  number	= "13",
  pages		= "135403",
  year		= "2016"
}

@Article{Giombi:2017dtl,
  author	= "Giombi, Simone and Klebanov, Igor R. and Tarnopolsky,
		  Grigory",
  title		= "{Bosonic tensor models at large $N$ and small $\epsilon$}",
  eprint	= "1707.03866",
  archiveprefix	= "arXiv",
  primaryclass	= "hep-th",
  reportnumber	= "PUPT-2528",
  doi		= "10.1103/PhysRevD.96.106014",
  journal	= "Phys. Rev. D",
  volume	= "96",
  number	= "10",
  pages		= "106014",
  year		= "2017"
}

@Article{Giombi:2018qgp,
  author	= "Giombi, Simone and Klebanov, Igor R. and Popov, Fedor and
		  Prakash, Shiroman and Tarnopolsky, Grigory",
  title		= "{Prismatic Large $N$ Models for Bosonic Tensors}",
  eprint	= "1808.04344",
  archiveprefix	= "arXiv",
  primaryclass	= "hep-th",
  reportnumber	= "PUPT-2568",
  doi		= "10.1103/PhysRevD.98.105005",
  journal	= "Phys. Rev. D",
  volume	= "98",
  number	= "10",
  pages		= "105005",
  year		= "2018"
}

@Article{Glazek:1993qs,
  author	= "Glazek, Stanislaw D. and Wilson, K. G.",
  title		= "{Renormalization of overlapping transverse divergences in
		  a model light front Hamiltonian}",
  doi		= "10.1103/PhysRevD.47.4657",
  journal	= "Phys. Rev. D",
  volume	= "47",
  pages		= "4657--4669",
  year		= "1993"
}

@Article{Glazek:2002hq,
  author	= "Glazek, Stanislaw D. and Wilson, Kenneth G.",
  title		= "{Limit cycles in quantum theories}",
  eprint	= "hep-th/0203088",
  archiveprefix	= "arXiv",
  reportnumber	= "IFT-07-02",
  doi		= "10.1103/PhysRevLett.89.230401",
  journal	= "Phys. Rev. Lett.",
  volume	= "89",
  pages		= "230401",
  year		= "2002",
  note		= "[Erratum: Phys.Rev.Lett. 92, 139901 (2004)]"
}

@Article{gorbenko2018walking,
  title		= {Walking, Weak first-order transitions, and Complex CFTs},
  author	= {Gorbenko, Victor and Rychkov, Slava and Zan, Bernardo},
  journal	= {Journal of High Energy Physics},
  volume	= {2018},
  number	= {10},
  pages		= {108},
  year		= {2018},
  publisher	= {Springer}
}

@Article{Gorbenko:2018dtm,
  author	= "Gorbenko, Victor and Rychkov, Slava and Zan, Bernardo",
  title		= "{Walking, Weak first-order transitions, and Complex CFTs
		  II. Two-dimensional Potts model at $Q>4$}",
  eprint	= "1808.04380",
  archiveprefix	= "arXiv",
  primaryclass	= "hep-th",
  doi		= "10.21468/SciPostPhys.5.5.050",
  journal	= "SciPost Phys.",
  volume	= "5",
  number	= "5",
  pages		= "050",
  year		= "2018"
}

@Article{Gorbenko:2018ncu,
  author	= "Gorbenko, Victor and Rychkov, Slava and Zan, Bernardo",
  title		= "{Walking, Weak first-order transitions, and Complex CFTs}",
  eprint	= "1807.11512",
  archiveprefix	= "arXiv",
  primaryclass	= "hep-th",
  doi		= "10.1007/JHEP10(2018)108",
  journal	= "JHEP",
  volume	= "10",
  pages		= "108",
  year		= "2018"
}

@Article{Gorsky:2002wt,
  author	= "Gorsky, A. and Shifman, M.",
  title		= "{Testing nonperturbative orbifold conjecture}",
  eprint	= "hep-th/0208073",
  archiveprefix	= "arXiv",
  reportnumber	= "ITEP-TH-35-02, TPI-MINN-02-14, UMN-TH-2101-02",
  doi		= "10.1103/PhysRevD.67.022003",
  journal	= "Phys. Rev. D",
  volume	= "67",
  pages		= "022003",
  year		= "2003"
}

@Article{Gorsky:2013yba,
  author	= "Gorsky, Alexander and Popov, Fedor",
  title		= "{Atomic collapse in graphene and cyclic renormalization
		  group flow}",
  eprint	= "1312.7399",
  archiveprefix	= "arXiv",
  primaryclass	= "cond-mat.mes-hall",
  doi		= "10.1103/PhysRevD.89.061702",
  journal	= "Phys. Rev. D",
  volume	= "89",
  number	= "6",
  pages		= "061702",
  year		= "2014"
}

@Book{govaerts2000numerical,
  author	= {Govaerts, W. J. F.},
  title		= {Numerical Methods for Bifurcations of Dynamical
		  Equilibria},
  publisher	= {Society for Industrial and Applied Mathematics},
  year		= 2000,
  pages		= {xxii+362},
  address	= {Philadelphia, PA},
  isbn		= {0-89871-442-7},
  mrclass	= {65-02 (34C23 37G10 37M20 65P30)},
  mrnumber	= 1736704,
  mrreviewer	= {Martin Hermann},
  doi		= {10.1137/1.9780898719543}
}

@Article{Govaerts2007maps,
  author	= {Govaerts, W. and Ghaziani, R. Khoshsiar and Kuznetsov, Yu.
		  A. and Meijer, H. G. E.},
  title		= {Numerical methods for two-parameter local bifurcation
		  analysis of maps},
  journal	= {SIAM J. Sci. Comput.},
  fjournal	= {SIAM Journal on Scientific Computing},
  volume	= 29,
  year		= 2007,
  number	= 6,
  pages		= {2644--2667},
  issn		= {1064-8275},
  coden		= {SJOCE3},
  mrclass	= {34C23 (34-04 34C99 37-04 37Gxx)},
  mrnumber	= 2357631,
  doi		= {10.1137/060653858}
}

@Article{Gracey:2008mf,
  author	= "Gracey, J. A.",
  title		= "{Four loop MS-bar mass anomalous dimension in the
		  Gross-Neveu model}",
  eprint	= "0804.1241",
  archiveprefix	= "arXiv",
  primaryclass	= "hep-th",
  reportnumber	= "LTH-786",
  doi		= "10.1016/j.nuclphysb.2008.04.002",
  journal	= "Nucl. Phys. B",
  volume	= "802",
  pages		= "330--350",
  year		= "2008"
}

@Article{Gracey:2015fia,
  author	= "Gracey, J.A. and Jack, I. and Poole, C.",
  title		= "{The a-function in six dimensions}",
  eprint	= "1507.02174",
  archiveprefix	= "arXiv",
  primaryclass	= "hep-th",
  reportnumber	= "LTH1045",
  doi		= "10.1007/JHEP01(2016)174",
  journal	= "JHEP",
  volume	= "01",
  pages		= "174",
  year		= "2016"
}

@Article{gray-scott2015,
  author	= {Kuznetsov, {\mbox {Yu. A}}. and Meijer, H. G. E. and
		  Al-Hdaibat, B. and Govaerts, W.},
  title		= {Accurate approximation of homoclinic solutions in
		  {G}ray-{S}cott kinetic model},
  journal	= {Internat. J. Bifur. Chaos Appl. Sci. Engrg.},
  fjournal	= {International Journal of Bifurcation and Chaos in Applied
		  Sciences and Engineering},
  volume	= 25,
  year		= 2015,
  number	= 9,
  pages		= {1550125, 10},
  issn		= {0218-1274},
  mrclass	= {92C45 (37G15)},
  mrnumber	= 3393913,
  doi		= {10.1142/S0218127415501254}
}

@Article{grobman1959homeomorphism,
  title		= {Homeomorphism of systems of differential equations},
  author	= {Grobman, David M},
  journal	= {Doklady Akademii Nauk SSSR},
  volume	= {128},
  number	= {5},
  pages		= {880--881},
  year		= {1959},
  publisher	= {MEZHDUNARODNAYA KNIGA 39 DIMITROVA UL., 113095 MOSCOW,
		  RUSSIA}
}

@Article{Gross:2021gsj,
  author	= "Gross, David J. and Rosenhaus, Vladimir",
  title		= "{Chaotic scattering of highly excited strings}",
  eprint	= "2103.15301",
  archiveprefix	= "arXiv",
  primaryclass	= "hep-th",
  month		= "3",
  year		= "2021"
}

@Book{Gua@2013,
  author	= {Guo, Shangjiang and Wu, Jianhong},
  title		= {Bifurcation Theory of Functional Differential Equations},
  series	= {Applied Mathematical Sciences},
  volume	= {184},
  publisher	= {Springer, New York},
  year		= {2013},
  pages		= {x+289},
  isbn		= {978-1-4614-6991-9; 978-1-4614-6992-6},
  mrclass	= {34-01 (34K18 35B32 37-01)},
  mrnumber	= {3098815},
  mrreviewer	= {Alessandro Calamai},
  doi		= {10.1007/978-1-4614-6992-6},
  url		= {https://doi.org/10.1007/978-1-4614-6992-6}
}

@Book{Guao2013BifurcationTheory,
  author	= {Guo, Shangjiang and Wu, Jianhong},
  title		= {Bifurcation theory of functional differential equations},
  series	= {Applied Mathematical Sciences},
  volume	= {184},
  publisher	= {Springer, New York},
  year		= {2013},
  pages		= {x+289},
  isbn		= {978-1-4614-6991-9; 978-1-4614-6992-6},
  mrclass	= {34-01 (34K18 35B32 37-01)},
  mrnumber	= {3098815},
  mrreviewer	= {Alessandro Calamai},
  doi		= {10.1007/978-1-4614-6992-6}
}

@Book{guckenheimer1983nonlinear,
  title		= {{Nonlinear Oscillations, Dynamical Systems, and
		  Bifurcations of Vector Fields}},
  author	= {Guckenheimer, John and Holmes, Philip},
  publisher	= {Springer},
  year		= 1983,
  volume	= 42
}

@Book{guckenheimer2013nonlinear,
  title		= {Nonlinear oscillations, dynamical systems, and
		  bifurcations of vector fields},
  author	= {Guckenheimer, John and Holmes, Philip},
  volume	= {42},
  year		= {2013},
  publisher	= {Springer Science \& Business Media}
}

@Article{Guckenheimer@1993,
  author	= {Guckenheimer, J. and Labouriau, J.S.},
  doi		= {10.1007/bf02460693},
  number	= {5},
  pages		= {937-952},
  source	= {Crossref},
  volume	= {55},
  journal	= {Bull. Math. Biology},
  publisher	= {Springer Science and Business Media LLC},
  title		= {Bifurcation of the {H}odgkin and {H}uxley equations: {A}
		  new twist},
  issn		= {0092-8240, 1522-9602},
  year		= {1993},
  month		= sep
}

@Article{Gukov:2016tnp,
  author	= "Gukov, Sergei",
  title		= "{RG Flows and Bifurcations}",
  eprint	= "1608.06638",
  archiveprefix	= "arXiv",
  primaryclass	= "hep-th",
  doi		= "10.1016/j.nuclphysb.2017.03.025",
  journal	= "Nucl. Phys. B",
  volume	= "919",
  pages		= "583--638",
  year		= "2017"
}

@Article{Guo2008,
  title		= {Two-parameter bifurcations in a network of two neurons
		  with multiple delays},
  author	= {Guo, S. and Chen, Y. and Wu, J.},
  journal	= {Journal of differential equations},
  year		= 2008,
  number	= 2,
  pages		= {444--486},
  volume	= 244,
  owner		= {maikel},
  publisher	= {Elsevier},
  timestamp	= {2016.04.12},
  doi		= {10.1016/j.jde.2007.09.008}
}

@Article{GuoMan2011parCM,
  author	= {Guo, S. and Man, J.},
  title		= {Center manifolds theorem for parameterized delay
		  differential equations with applications to zero
		  singularities},
  journal	= {Nonlinear Anal.},
  fjournal	= {Nonlinear Analysis. Theory, Methods \& Applications. An
		  International Multidisciplinary Journal},
  volume	= 74,
  year		= 2011,
  number	= 13,
  pages		= {4418--4432},
  issn		= {0362-546X},
  mrclass	= {34K18 (34K19 37N25 92D25)},
  mrnumber	= 2810738,
  mrreviewer	= {Marco Antonio Teixeira},
  doi		= {10.1016/j.na.2011.04.003}
}

@Article{Gurarie:1993xq,
  author	= "Gurarie, V.",
  title		= "{Logarithmic operators in conformal field theory}",
  eprint	= "hep-th/9303160",
  archiveprefix	= "arXiv",
  reportnumber	= "PUPT-1391",
  doi		= "10.1016/0550-3213(93)90528-W",
  journal	= "Nucl. Phys. B",
  volume	= "410",
  pages		= "535--549",
  year		= "1993"
}

@Article{Gurau:2009tw,
  author	= "Gurau, Razvan",
  title		= "{Colored Group Field Theory}",
  eprint	= "0907.2582",
  archiveprefix	= "arXiv",
  primaryclass	= "hep-th",
  reportnumber	= "PI-QG-138",
  doi		= "10.1007/s00220-011-1226-9",
  journal	= "Commun. Math. Phys.",
  volume	= "304",
  pages		= "69--93",
  year		= "2011"
}

@Article{Gurau:2010ba,
  author	= "Gurau, Razvan",
  title		= "{The 1/N expansion of colored tensor models}",
  eprint	= "1011.2726",
  archiveprefix	= "arXiv",
  primaryclass	= "gr-qc",
  reportnumber	= "PI-QG-201",
  doi		= "10.1007/s00023-011-0101-8",
  journal	= "Annales Henri Poincare",
  volume	= "12",
  pages		= "829--847",
  year		= "2011"
}

@Article{Gurau:2011aq,
  author	= "Gurau, Razvan and Rivasseau, Vincent",
  title		= "{The 1/N expansion of colored tensor models in arbitrary
		  dimension}",
  eprint	= "1101.4182",
  archiveprefix	= "arXiv",
  primaryclass	= "gr-qc",
  reportnumber	= "PI-QG-209, pi-qg-209",
  doi		= "10.1209/0295-5075/95/50004",
  journal	= "Europhys. Lett.",
  volume	= "95",
  number	= "5",
  pages		= "50004",
  year		= "2011"
}

@Article{hager1999theta,
  title		= {$\Theta$-point behavior of diluted polymer solutions: Can
		  one observe the universal logarithmic corrections predicted
		  by field theory?},
  author	= {Hager, Johannes and Sch{\"a}fer, Lothar},
  journal	= {Physical Review E},
  volume	= {60},
  number	= {2},
  pages		= {2071},
  year		= {1999},
  publisher	= {APS}
}

@Article{Hager:2002uq,
  author	= "Hager, J.S.",
  title		= "{Six-loop renormalization group functions of
		  O(n)-symmetric phi**6-theory and epsilon-expansions of
		  tricritical exponents up to epsilon**3}",
  doi		= "10.1088/0305-4470/35/12/301",
  journal	= "J. Phys. A",
  volume	= "35",
  pages		= "2703--2711",
  year		= "2002"
}

@Book{hale1969functional,
  author	= {Hale, J. K. and Verduyn Lunel, S. M.},
  title		= {Introduction to Functional Differential Equations},
  series	= {Applied Mathematical Sciences},
  volume	= 99,
  publisher	= {Springer},
  year		= 1993,
  pages		= {x+447},
  isbn		= {0-387-94076-6},
  doi		= {10.1007/978-1-4612-4342-7}
}

@InProceedings{	  Hale1979,
  author	= {Hale, J. K.},
  title		= {Nonlinear oscillations in equations with delays},
  year		= 1979,
  booktitle	= {Nonlinear oscillations in biology ({P}roc. {T}enth
		  {S}ummer {S}em. {A}ppl. {M}ath., {U}niv. {U}tah, {S}alt
		  {L}ake {C}ity, {U}tah, 1978)},
  volume	= 17,
  series	= {Lectures in Appl. Math.},
  publisher	= {Amer. Math. Soc., Providence, R.I.},
  pages		= {157--185},
  mrclass	= {34K15},
  mrnumber	= 564916,
  mrreviewer	= {Hans-Otto Walther}
}

@Book{Hale1984,
  title		= {Introduction to Dynamic Bifurcation},
  author	= {Hale, J. K.},
  booktitle	= {Bifurcation Theory and Applications},
  publisher	= {Springer},
  year		= 1984,
  editor	= {Salvadori, Luigi},
  pages		= {106-151},
  series	= {Lecture Notes in Mathematics},
  volume	= 1057,
  doi		= {10.1007/BFb0098595},
  isbn		= {978-3-540-12931-8},
  language	= {English}
}

@Book{Hale@1977,
  author	= {Hale, J. K.},
  title		= {Theory of Functional Differential Equations},
  edition	= {Second},
  note		= {Applied Mathematical Sciences, Vol. 3},
  publisher	= {Springer},
  year		= 1977,
  pages		= {x+365},
  mrclass	= {34KXX},
  mrnumber	= 0508721,
  mrreviewer	= {R. R. Ahmerov},
  doi		= {10.1007/978-1-4612-9892-2}
}

@Article{hartman1960lemma,
  title		= {A lemma in the theory of structural stability of
		  differential equations},
  author	= {Hartman, Philip},
  journal	= {Proceedings of the American Mathematical Society},
  volume	= {11},
  number	= {4},
  pages		= {610--620},
  year		= {1960},
  publisher	= {JSTOR}
}

@Article{he2012bogdanov,
  title		= {Bogdanov--{T}akens bifurcation in a single inertial neuron
		  model with delay},
  author	= {He, Xing and Li, Chuandong and Shu, Yonglu},
  journal	= {Neurocomputing},
  year		= 2012,
  pages		= {193--201},
  volume	= 89,
  publisher	= {Elsevier}
}

@Article{Hindmarsh1982,
  title		= {A model of the nerve impulse using two first-order
		  differential equations},
  author	= {Hindmarsh, JL and Rose, RM},
  journal	= {Nature},
  year		= 1982,
  number	= 5853,
  pages		= {162--164},
  volume	= 296,
  owner		= {maikel},
  timestamp	= {2016.04.15},
  doi		= {10.1038/296162a0}
}

@Article{Hindmarsh1984,
  author	= {Hindmarsh, J. L. and Rose, R. M.},
  title		= {A Model of Neuronal Bursting Using Three Coupled First
		  Order Differential Equations},
  volume	= 221,
  number	= 1222,
  pages		= {87--102},
  year		= 1984,
  doi		= {10.1098/rspb.1984.0024},
  publisher	= {The Royal Society},
  issn		= {0080-4649},
  journal	= {Proceedings of the Royal Society of London B: Biological
		  Sciences}
}

@Article{Hirschberg1991,
  author	= {Hirschberg, P. and Knobloch, E.},
  title		= {An unfolding of the {T}akens-{B}ogdanov singularity},
  journal	= {Quart. Appl. Math.},
  fjournal	= {Quarterly of Applied Mathematics},
  volume	= 49,
  year		= 1991,
  number	= 2,
  pages		= {281--287},
  issn		= {0033-569X},
  coden		= {QAMAAY},
  mrclass	= {58F14 (34C23)},
  mrnumber	= 1106393,
  mrreviewer	= {Enrique Outerelo Dom{\'{\i}}nguez}
}

@Article{Hirschberg_1991,
  author	= {Hirschberg, P. and Knobloch, E.},
  title		= {An unfolding of the {T}akens-{B}ogdanov singularity},
  year		= 1991,
  volume	= 49,
  number	= 2,
  month		= {Jan},
  pages		= {281–287},
  issn		= {1552-4485},
  doi		= {10.1090/qam/1106393},
  journal	= {Quart. Appl. Math.},
  publisher	= {American Mathematical Society (AMS)}
}

@Article{HodgkinHuxley1952,
  author	= {Hodgkin, A. L. and Huxley, A. F.},
  title		= {A quantitative description of membrane current and its
		  application to conduction and excitation in nerve},
  journal	= {The Journal of Physiology},
  volume	= {117},
  number	= {4},
  pages		= {500-544},
  doi		= {10.1113/jphysiol.1952.sp004764},
  year		= {1952}
}

@Article{HodgkinHuxley1952a,
  author	= {Hodgkin, A. L. and Huxley, A. F.},
  title		= {Currents carried by sodium and potassium ions through the
		  membrane of the giant axon of {L}oligo},
  journal	= {The Journal of Physiology},
  volume	= {116},
  number	= {4},
  pages		= {449-472},
  doi		= {10.1113/jphysiol.1952.sp004717},
  year		= {1952}
}

@Article{Hogervorst:2014rta,
  author	= "Hogervorst, Matthijs and Rychkov, Slava and van Rees, Balt
		  C.",
  title		= "{Truncated conformal space approach in d dimensions: A
		  cheap alternative to lattice field theory?}",
  eprint	= "1409.1581",
  archiveprefix	= "arXiv",
  primaryclass	= "hep-th",
  reportnumber	= "CERN-PH-TH-2014-155",
  doi		= "10.1103/PhysRevD.91.025005",
  journal	= "Phys. Rev. D",
  volume	= "91",
  pages		= "025005",
  year		= "2015"
}

@Article{Hogervorst:2015akt,
  author	= "Hogervorst, Matthijs and Rychkov, Slava and van Rees, Balt
		  C.",
  title		= "{Unitarity violation at the Wilson-Fisher fixed point in
		  4-$\epsilon$ dimensions}",
  eprint	= "1512.00013",
  archiveprefix	= "arXiv",
  primaryclass	= "hep-th",
  reportnumber	= "CERN-PH-TH-2015-282, YITP-SB-15-44, DCPT-15-65",
  doi		= "10.1103/PhysRevD.93.125025",
  journal	= "Phys. Rev. D",
  volume	= "93",
  number	= "12",
  pages		= "125025",
  year		= "2016"
}

@Article{Hogervorst:2016itc,
  author	= "Hogervorst, Matthijs and Paulos, Miguel and Vichi,
		  Alessandro",
  title		= "{The ABC (in any D) of Logarithmic CFT}",
  eprint	= "1605.03959",
  archiveprefix	= "arXiv",
  primaryclass	= "hep-th",
  reportnumber	= "CERN-TH-2016-114, YITP-SB-16-16",
  doi		= "10.1007/JHEP10(2017)201",
  journal	= "JHEP",
  volume	= "10",
  pages		= "201",
  year		= "2017"
}

@Article{hooft2005does,
  title		= {Does God play dice?},
  author	= {Hooft, Gerard't and Witten, Edward and Dowker, Fay},
  journal	= {Physics World},
  volume	= {18},
  number	= {12},
  pages		= {21},
  year		= {2005},
  publisher	= {Iop Publishing}
}

@Article{hopf1937erg,
  title		= {Ergodentheorie},
  author	= {Hopf, Eberhard},
  year		= {1937},
  publisher	= {Springer Verlag, Berlin}
}

@Article{hopf1942bifurcation,
  title		= {Bifurcation of a periodic solution from a stationary
		  solution of a system of differential equations},
  author	= {Hopf, E},
  journal	= {Berlin Mathematische Physics Klasse, Sachsischen Akademic
		  der Wissenschaften Leipzig},
  volume	= {94},
  pages		= {3--32},
  year		= {1942}
}

@Article{Huang@2008Homoclinic,
  title		= {{Homoclinic orbits and Hopf bifurcations in delay
		  differential systems with T-B singularity}},
  author	= {{Xu}, Yingxiang and {Huang}, M.},
  journal	= {Journal of Differential Equations},
  year		= 2008,
  pages		= {582-598},
  volume	= 244,
  adsnote	= {Provided by the SAO/NASA Astrophysics Data System},
  doi		= {10.1016/j.jde.2007.09.003}
}

@Article{Humphries2012,
  title		= {Dynamics of a delay differential equation with multiple
		  state-dependent delays},
  author	= {Humphries, A. R. and DeMasi, O. and Magpantay, F. M. G.
		  and Upham, F},
  journal	= {Disc. Cont. Dyn. Syst. A},
  year		= 2012,
  pages		= {2701--2727},
  volume	= 32,
  owner		= {maikel},
  timestamp	= {2016.04.12}
}

@Article{ibanez1995sil,
  title		= {Shilnikov Bifurcations in Generic 4-Unfoldings of a
		  Codimension-4 Singularity},
  author	= {Ib{\'a}nez, S and Rodr{\'\i}guez, JA},
  journal	= {Journal of differential equations},
  volume	= {120},
  number	= {2},
  pages		= {411--428},
  year		= {1995},
  publisher	= {Elsevier}
}

@Article{ibanez2005shil,
  title		= {Shilnikov configurations in any generic unfolding of the
		  nilpotent singularity of codimension three on
		  $\mathbb{R}^3$},
  author	= {Ib{\'a}{\~n}ez, S and Rodr{\i}guez, JA},
  journal	= {Journal of Differential Equations},
  volume	= {208},
  number	= {1},
  pages		= {147--175},
  year		= {2005},
  publisher	= {Elsevier}
}

@Misc{IntervalArithmetic,
  doi		= {10.5281/ZENODO.6569509},
  url		= {https://zenodo.org/record/6569509},
  author	= {Sanders, David P. and Benet, Luis and {Lucaferranti} and
		  {Krish Agarwal} and Richard, Benoît and Grawitter, Josua
		  and {Eeshan Gupta} and Forets, Marcelo and Herbst, Michael
		  F. and {Yashrajgupta} and Hanson, Eric and {Braam Van Dyk}
		  and Rackauckas, Christopher and {Rushabh Vasani} and
		  Micluța-C\^ampeanu, Sebastian and {Sheehan Olver} and
		  Koolen, Twan and Wormell, Caroline and {Favio André
		  Vázquez} and Dalle, Guillaume and Sarnoff, Jeffrey and
		  TagBot, Julia and O'Bryant, Kevin and Carlsson, Kristoffer
		  and Piibeleht, Morten and Giordano, Mosè and {, Reno} and
		  Deits, Robin and Holy, Tim and {Venkateshprasad}},
  title		= {JuliaIntervals/IntervalArithmetic.jl: v0.20.6},
  publisher	= {Zenodo},
  year		= {2022},
  copyright	= {Open Access}
}

@Misc{IntervalRootFinding,
  title		= {{IntervalRootFinding.jl}},
  author	= {Benet, Luis and Sanders, David P.},
  year		= {2021},
  howpublished	= {\url{https://github.com/JuliaIntervals/IntervalRootFinding.jl}}
}

@Book{Iooss@2011,
  author	= {Haragus, Mariana and Iooss, G\'{e}rard},
  title		= {Local Bifurcations, Center Manifolds, and Normal Forms in
		  Infinite-dimensional Dynamical Systems},
  series	= {Universitext},
  publisher	= {Springer-Verlag London, Ltd., London; EDP Sciences, Les
		  Ulis},
  year		= {2011},
  pages		= {xii+329},
  isbn		= {978-0-85729-111-0; 978-2-7598-0009-4},
  mrclass	= {37L10 (34C23 35B32 35C07 37G40)},
  mrnumber	= {2759609},
  mrreviewer	= {Peter Ashwin},
  doi		= {10.1007/978-0-85729-112-7}
}

@Article{Jack1975ElectricCurrentFlow,
  author	= {Jack, J.J.B. and Noble, D. and Tsien, R.W.},
  title		= {ELECTRIC CURRENT FLOW IN EXCITABLE CELLS},
  journal	= {Quart. J. Exp. Physiol. Cogn. Med. Sci.},
  volume	= {61},
  number	= {1},
  pages		= {75-75},
  doi		= {10.1113/expphysiol.1976.sp002339},
  year		= {1976}
}

@Article{Jack:1990eb,
  author	= "Jack, I. and Osborn, H.",
  title		= "{Analogs for the $c$ Theorem for Four-dimensional
		  Renormalizable Field Theories}",
  reportnumber	= "DAMTP-90-02",
  doi		= "10.1016/0550-3213(90)90584-Z",
  journal	= "Nucl. Phys. B",
  volume	= "343",
  pages		= "647--688",
  year		= "1990"
}

@Article{Jack:2015tka,
  author	= "Jack, I. and Jones, D.R.T. and Poole, C.",
  title		= "{Gradient flows in three dimensions}",
  eprint	= "1505.05400",
  archiveprefix	= "arXiv",
  primaryclass	= "hep-th",
  reportnumber	= "LTH1043",
  doi		= "10.1007/JHEP09(2015)061",
  journal	= "JHEP",
  volume	= "09",
  pages		= "061",
  year		= "2015"
}

@Article{Jack:2016utw,
  author	= "Jack, I. and Poole, C.",
  title		= "{$a$-function in three dimensions: Beyond the leading
		  order}",
  eprint	= "1607.00236",
  archiveprefix	= "arXiv",
  primaryclass	= "hep-th",
  reportnumber	= "LTH-1082",
  doi		= "10.1103/PhysRevD.95.025010",
  journal	= "Phys. Rev. D",
  volume	= "95",
  number	= "2",
  pages		= "025010",
  year		= "2017"
}

@Article{Jafferis:2011zi,
  author	= "Jafferis, Daniel L. and Klebanov, Igor R. and Pufu, Silviu
		  S. and Safdi, Benjamin R.",
  title		= "{Towards the F-Theorem: $\mathcal{N}=2$ Field Theories on
		  the Three-Sphere}",
  eprint	= "1103.1181",
  archiveprefix	= "arXiv",
  primaryclass	= "hep-th",
  reportnumber	= "PUPT-2366",
  doi		= "10.1007/JHEP06(2011)102",
  journal	= "JHEP",
  volume	= "06",
  pages		= "102",
  year		= "2011"
}

@Misc{Janssens2019,
  author	= {Janssens, S. G.},
  title		= {A class of abstract delay differential equations in the
		  light of suns and stars},
  year		= 2019,
  month		= jan,
  eprint	= {1901.11526},
  eprintclass	= {math.DS}
}

@MastersThesis{	  Janssens:Thesis,
  title		= {{On a Normalization Technique for Codimension Two
		  Bifurcations of Equilibria of Delay Differential
		  Equations}},
  author	= {Janssens, S. G.},
  school	= {Utrecht University},
  year		= 2010,
  address	= {The Netherlands},
  note		= {Corrections and updates are available via
		  \url{http://sebastiaanjanssens.nl/pdf/normalization.pdf}},
  url		= {https://dspace.library.uu.nl/handle/1874/312252}
}

@MastersThesis{	  Budac:Thesis,
  title		= {{Homoclinic Solutions Emerging from Fold-Hopf Bifurcation in 3D ODEs}},
  author	= {Bc. Ondrej Bud\`{a}c},
  school	= {Univerzita Komensk\'eho v Bratislave},
  year		= 2011,
  address	= {Slovakia}
}

@Article{Jepsen:2020czw,
  author	= "Jepsen, Christian B. and Klebanov, Igor R. and Popov,
		  Fedor K.",
  title		= "{RG limit cycles and unconventional fixed points in
		  perturbative QFT}",
  eprint	= "2010.15133",
  archiveprefix	= "arXiv",
  primaryclass	= "hep-th",
  doi		= "10.1103/PhysRevD.103.046015",
  journal	= "Phys. Rev. D",
  volume	= "103",
  number	= "4",
  pages		= "046015",
  year		= "2021"
}

@article{Jepsen2021HomoclinicRG,
    title={{Homoclinic Renormalization Group Flows, or When Relevant Operators Become Irrelevant.}},
    author={Christian B. Jepsen and Fedor K. Popov},
    journal={Physical review letters},
    year={2021},
    volume={127 14},
    pages={
        141602
    }
}

@Article{Bram@2022,
  author	= {Lentjes, Bram and Spek, Len and Bosschaert, Maikel M.  and Kuznetsov, Yuri A.},
  title		= {Periodic Center Manifolds and Normal Forms for DDEs in the Light of Suns and Stars},
  year		= 2022,
  journal	= {arXiv},
  publisher	= {arXiv},
  url		= {https://arxiv.org/abs/2207.02480}
}

@Article{JepsonDecker1986,
  author	= {Jepson, A. D. and Decker, D. W.},
  title		= {Convergence cones near bifurcation},
  journal	= {SIAM J. Numer. Anal.},
  fjournal	= {SIAM Journal on Numerical Analysis},
  volume	= {23},
  year		= {1986},
  number	= {5},
  pages		= {959--975},
  issn		= {0036-1429},
  mrclass	= {65J15 (58C40 58E07)},
  mrnumber	= {859008},
  mrreviewer	= {W. C. Rheinboldt},
  doi		= {10.1137/0723064}
}

@Article{jiang2007bogdanov,
  title		= {{Bogdanov--Takens singularity in van der Pol's oscillator
		  with delayed feedback}},
  author	= {Jiang, Weihua and Yuan, Yuan},
  journal	= {Physica D: Nonlinear Phenomena},
  year		= 2007,
  number	= 2,
  pages		= {149--161},
  volume	= 227,
  publisher	= {Elsevier}
}

@Article{Jiang2008,
  author	= {Jiang, Weihua and Wei, Junjie},
  title		= {Bifurcation analysis in van der {P}ol's oscillator with
		  delayed feedback},
  journal	= {J. Comput. Appl. Math.},
  fjournal	= {Journal of Computational and Applied Mathematics},
  volume	= 213,
  year		= 2008,
  number	= 2,
  pages		= {604--615},
  issn		= {0377-0427},
  coden		= {JCAMDI},
  mrclass	= {34K20 (34C20 34K18 37G05 37G10 93B52)},
  mrnumber	= 2392579,
  doi		= {10.1016/j.cam.2007.01.041}
}

@Article{JIANG20138091,
  title		= "{Bogdanov--Takens} bifurcation in an oscillator with
		  negative damping and delayed position feedback",
  journal	= "Applied Mathematical Modelling",
  volume	= "37",
  number	= "16",
  pages		= "8091 - 8105",
  year		= "2013",
  issn		= "0307-904X",
  doi		= "https://doi.org/10.1016/j.apm.2013.03.034",
  author	= "Jiao Jiang and Yongli Song"
}

@Article{Jiao2021,
  doi		= {10.1007/s11071-021-06338-x},
  url		= {https://doi.org/10.1007/s11071-021-06338-x},
  year		= {2021},
  month		= mar,
  publisher	= {Springer Science and Business Media {LLC}},
  volume	= {104},
  number	= {2},
  pages		= {1697--1707},
  author	= {Jianfeng Jiao and Can Chen},
  title		= {Bogdanov{\textendash}Takens bifurcation analysis of a
		  delayed predator-prey system with double Allee effect},
  journal	= {Nonlinear Dynamics}
}

@Book{kac1990infinite,
  title		= {Infinite-dimensional Lie algebras},
  author	= {Kac, Victor G},
  year		= {1990},
  publisher	= {Cambridge university press}
}

@Article{Kachru:1998ys,
  author	= "Kachru, Shamit and Silverstein, Eva",
  title		= "{4-D conformal theories and strings on orbifolds}",
  eprint	= "hep-th/9802183",
  archiveprefix	= "arXiv",
  reportnumber	= "SLAC-PUB-7756, LBL-41440, LBNL-41440, UCB-PTH-98-12",
  doi		= "10.1103/PhysRevLett.80.4855",
  journal	= "Phys. Rev. Lett.",
  volume	= "80",
  pages		= "4855--4858",
  year		= "1998"
}

@Article{kaplan2009conformality,
  title		= {Conformality lost},
  author	= {Kaplan, David B and Lee, Jong-Wan and Son, Dam T and
		  Stephanov, Mikhail A},
  journal	= {Physical Review D},
  volume	= {80},
  number	= {12},
  pages		= {125005},
  year		= {2009},
  publisher	= {APS}
}

@Article{Kaplan:2009kr,
  author	= "Kaplan, David B. and Lee, Jong-Wan and Son, Dam T. and
		  Stephanov, Mikhail A.",
  title		= "{Conformality Lost}",
  eprint	= "0905.4752",
  archiveprefix	= "arXiv",
  primaryclass	= "hep-th",
  reportnumber	= "INT-PUB-09-020",
  doi		= "10.1103/PhysRevD.80.125005",
  journal	= "Phys. Rev. D",
  volume	= "80",
  pages		= "125005",
  year		= "2009"
}

@Article{kapoor2021bifundamental,
  title		= {Bifundamental Multiscalar Fixed Points in $ d=
		  3-\epsilon$},
  author	= {Kapoor, Samarth and Prakash, Shiroman},
  journal	= {arXiv preprint arXiv:2112.01055},
  year		= {2021}
}

@InProceedings{	  Keller1977,
  author	= "Keller, Herbert B.",
  editor	= "Glowinski, R. and Lions, J. L. and Laboria, Iria",
  title		= "Constructive methods for bifurcation and nonlinear
		  eigenvalue problems",
  booktitle	= "Computing Methods in Applied Sciences and Engineering,
		  1977, I",
  year		= "1979",
  publisher	= "Springer Berlin Heidelberg",
  address	= "Berlin, Heidelberg",
  pages		= "241--251",
  isbn		= "978-3-540-35411-6",
  doi		= {10.1007/BFb0063623}
}

@Book{Keller1987Numerical,
  author	= {Keller, H. B.},
  title		= {Lectures on numerical methods in bifurcation problems},
  series	= {Tata Institute of Fundamental Research Lectures on
		  Mathematics and Physics},
  volume	= 79,
  note		= {With notes by A. K. Nandakumaran and Mythily Ramaswamy},
  publisher	= {Published for the Tata Institute of Fundamental Research,
		  Bombay; by Springer-Verlag, Berlin},
  year		= 1987,
  pages		= {iv+155},
  isbn		= {3-540-20228-5},
  mrclass	= {58E07 (58C15 65H10)},
  mrnumber	= 910499,
  mrreviewer	= {Jes\~A${}^{\underline{\rm o}}$s Hern\~A!`ndez}
}

@Article{Klebanov:1999ch,
  author	= "Klebanov, Igor R. and Tseytlin, Arkady A.",
  title		= "{A Nonsupersymmetric large N CFT from type 0 string
		  theory}",
  eprint	= "hep-th/9901101",
  archiveprefix	= "arXiv",
  reportnumber	= "PUPT-1833, IMPERIAL-TP-98-99-37",
  doi		= "10.1088/1126-6708/1999/03/015",
  journal	= "JHEP",
  volume	= "03",
  pages		= "015",
  year		= "1999"
}

@Article{Klebanov:1999pw,
  author	= "Klebanov, Igor R. and Nekrasov, Nikita A. and Shatashvili,
		  Samson L.",
  title		= "{An Orbifold of type 0B strings and nonsupersymmetric
		  gauge theories}",
  eprint	= "hep-th/9909109",
  archiveprefix	= "arXiv",
  reportnumber	= "PUPT-1891, ITEP-TH-43-99, NSF-ITP-99-27, YCTP-P24-99",
  doi		= "10.1016/S0550-3213(00)00547-2",
  journal	= "Nucl. Phys. B",
  volume	= "591",
  pages		= "26--38",
  year		= "2000"
}

@Article{Klebanov:2011gs,
  author	= "Klebanov, Igor R. and Pufu, Silviu S. and Safdi, Benjamin
		  R.",
  title		= "{F-Theorem without Supersymmetry}",
  eprint	= "1105.4598",
  archiveprefix	= "arXiv",
  primaryclass	= "hep-th",
  reportnumber	= "PUPT-2377",
  doi		= "10.1007/JHEP10(2011)038",
  journal	= "JHEP",
  volume	= "10",
  pages		= "038",
  year		= "2011"
}

@Article{Klebanov:2016xxf,
  author	= "Klebanov, Igor R. and Tarnopolsky, Grigory",
  archiveprefix	= "arXiv",
  doi		= "10.1103/PhysRevD.95.046004",
  eprint	= "1611.08915",
  journal	= "Phys.\ Rev.\ D",
  number	= "4",
  pages		= "046004",
  primaryclass	= "hep-th",
  reportnumber	= "PUPT-2514",
  title		= "{Uncolored random tensors, melon diagrams, and the
		  Sachdev-Ye-Kitaev models}",
  volume	= "95",
  year		= "2017"
}

@Article{Klebanov:2017nlk,
  author	= "Klebanov, Igor R. and Tarnopolsky, Grigory",
  title		= "{On Large $N$ Limit of Symmetric Traceless Tensor Models}",
  eprint	= "1706.00839",
  archiveprefix	= "arXiv",
  primaryclass	= "hep-th",
  reportnumber	= "PUPT-2525",
  doi		= "10.1007/JHEP10(2017)037",
  journal	= "JHEP",
  volume	= "10",
  pages		= "037",
  year		= "2017"
}

@Article{Klebanov:2018fzb,
  author	= "Klebanov, Igor R. and Popov, Fedor and Tarnopolsky,
		  Grigory",
  title		= "{TASI Lectures on Large $N$ Tensor Models}",
  eprint	= "1808.09434",
  archiveprefix	= "arXiv",
  primaryclass	= "hep-th",
  doi		= "10.22323/1.305.0004",
  journal	= "PoS",
  volume	= "TASI2017",
  pages		= "004",
  year		= "2018"
}

@Article{Komargodski:2011vj,
  author	= "Komargodski, Zohar and Schwimmer, Adam",
  title		= "{On Renormalization Group Flows in Four Dimensions}",
  eprint	= "1107.3987",
  archiveprefix	= "arXiv",
  primaryclass	= "hep-th",
  doi		= "10.1007/JHEP12(2011)099",
  journal	= "JHEP",
  volume	= "12",
  pages		= "099",
  year		= "2011"
}

@Article{kouznetsov2014improved,
  author	= {Kuznetsov, {\mbox {Yu. A}} and Meijer, H. G. E. and {Al
		  Hdaibat}, B. and Govaerts, W.},
  title		= {Improved homoclinic predictor for {B}ogdanov-{T}akens
		  bifurcation},
  year		= 2014,
  volume	= 24,
  number	= 4,
  pages		= {1450057, 12},
  issn		= {0218-1274},
  doi		= {10.1142/S0218127414500576},
  journal	= {Internat. J. Bifur. Chaos Appl. Sci. Engrg.},
  fjournal	= {International Journal of Bifurcation and Chaos in Applied
		  Sciences and Engineering},
  mrclass	= {37G05 (37L10)},
  mrnumber	= 3196689
}

@Article{Kovtun:2004bz,
  author	= "Kovtun, Pavel and Unsal, Mithat and Yaffe, Laurence G.",
  title		= "{Necessary and sufficient conditions for non-perturbative
		  equivalences of large N(c) orbifold gauge theories}",
  eprint	= "hep-th/0411177",
  archiveprefix	= "arXiv",
  reportnumber	= "UW-PT-04-23, INT-PUB-04-31",
  doi		= "10.1088/1126-6708/2005/07/008",
  journal	= "JHEP",
  volume	= "07",
  pages		= "008",
  year		= "2005"
}

@Article{KrisztinWalther2017,
  author	= {Krisztin, T. and Walther, H.-O.},
  title		= {Smoothness issues in differential equations with
		  state-dependent delay},
  year		= 2017,
  volume	= 49,
  pages		= {95--112},
  issn		= {0049-4704},
  journal	= {Rend. Istit. Mat. Univ. Trieste},
  fjournal	= {Rendiconti dell'Istituto di Matematica dell'Universit\`a
		  di Trieste. An International Journal of Mathematics},
  mrclass	= {34K05 (34K19)},
  mrnumber	= 3748505,
  mrreviewer	= {Andr\'{e}a Prokopczyk}
}

@Article{Kuipers:2018lux,
  author	= {Kuipers, Folkert and G\"ursoy, Umut and Kuznetsov, {\mbox
		  {Yu. A}}.},
  title		= "{Bifurcations in the RG-flow of QCD}",
  eprint	= "1812.05179",
  archiveprefix	= "arXiv",
  primaryclass	= "hep-th",
  doi		= "10.1007/JHEP07(2019)075",
  journal	= "JHEP",
  volume	= "07",
  pages		= "075",
  year		= "2019"
}

@Article{Kuznetsov1999,
  title		= {{Numerical normalization techniques for all codim 2
		  bifurcations of equilibria in ODEs}},
  author	= {Kuznetsov, {\mbox {Yu. A}}},
  journal	= {{SIAM Journal on Numerical Analysis}},
  year		= 1999,
  number	= 4,
  pages		= {1104--1124},
  volume	= 36,
  publisher	= {SIAM},
  doi		= {10.1137/S0036142998335005}
}

@Book{Kuznetsov2004,
  author	= {Kuznetsov, {\mbox {Yu. A}}},
  title		= {Elements of {A}pplied {B}ifurcation {T}heory},
  series	= {Applied Mathematical Sciences},
  volume	= 112,
  edition	= {Third},
  publisher	= {Springer},
  year		= 2004,
  pages		= {xxii+631},
  isbn		= {0-387-21906-4},
  mrclass	= {37Gxx (34-04 34C23 37-04 37M20)},
  mrnumber	= 2071006,
  doi		= {10.1007/978-1-4757-3978-7}
}

@Article{Kuznetsov2005,
  author	= {Kuznetsov, {\mbox {Yu. A}} and Govaerts, W. and Doedel, E.
		  J. and Dhooge, A.},
  title		= {Numerical periodic normalization for codim 1 bifurcations
		  of limit cycles},
  journal	= {SIAM J. Numer. Anal.},
  fjournal	= {SIAM Journal on Numerical Analysis},
  volume	= 43,
  year		= 2005,
  number	= 4,
  pages		= {1407--1435},
  issn		= {0036-1429},
  mrclass	= {34C20 (34C05 34C23 37G15 37M20)},
  mrnumber	= 2182134,
  mrreviewer	= {Ruiqi Wang},
  doi		= {10.1137/040611306}
}

@Article{kuznetsov2005practical,
  title		= {Practical computation of normal forms on center manifolds
		  at degenerate {B}ogdanov--{T}akens bifurcations},
  author	= {Kuznetsov, {\mbox {Yu. A}}},
  journal	= {{International Journal of Bifurcation and Chaos}},
  year		= 2005,
  number	= 11,
  pages		= {3535--3546},
  volume	= 15,
  publisher	= {World Scientific}
}

@Article{Kuznetsov2008,
  author	= {Kuznetsov, {\mbox {Yu. A}} and Meijer, H. G. E. and
		  Govaerts, W. and Sautois, B.},
  title		= {Switching to nonhyperbolic cycles from codim 2
		  bifurcations of equilibria in {ODE}s},
  journal	= {Phys. D},
  fjournal	= {Physica D. Nonlinear Phenomena},
  volume	= 237,
  year		= 2008,
  number	= 23,
  pages		= {3061--3068},
  issn		= {0167-2789},
  mrclass	= {34C23 (34Cxx 37G10)},
  mrnumber	= 2514930,
  mrreviewer	= {Yannick Sire},
  doi		= {10.1016/j.physd.2008.06.006}
}

@Article{Kuznetsov2014improved,
  author	= {Kuznetsov, {\mbox {Yu.A}}. and Meijer, H. G. E. and Al
		  Hdaibat, B. and Govaerts, W.},
  title		= {Improved Homoclinic Predictor for {B}ogdanov–{T}akens
		  Bifurcation},
  year		= 2014,
  volume	= 24,
  number	= 04,
  month		= {Apr},
  pages		= 1450057,
  issn		= {1793-6551},
  doi		= {10.1142/s0218127414500576},
  journal	= {Int. J. Bifurcation and Chaos},
  publisher	= {World Scientific Pub Co Pte Lt}
}

@Article{Langford1979,
  author	= {Langford, W. F.},
  title		= {Periodic and steady-state mode interactions lead to tori},
  journal	= {SIAM J. Appl. Math.},
  fjournal	= {SIAM Journal on Applied Mathematics},
  volume	= 37,
  year		= 1979,
  number	= 1,
  pages		= {22--48},
  issn		= {0036-1399},
  mrclass	= {58F14 (34C15)},
  mrnumber	= 536301,
  mrreviewer	= {L. A. Bunimovich},
  doi		= {10.1137/0137003}
}

@Article{Lawrence:1998ja,
  author	= "Lawrence, Albion E. and Nekrasov, Nikita and Vafa, Cumrun",
  title		= "{On conformal field theories in four-dimensions}",
  eprint	= "hep-th/9803015",
  archiveprefix	= "arXiv",
  reportnumber	= "HUTP-98-A015, ITEP-TH-15-98",
  doi		= "10.1016/S0550-3213(98)00495-7",
  journal	= "Nucl. Phys. B",
  volume	= "533",
  pages		= "199--209",
  year		= "1998"
}

@Article{LeClair:2002ux,
  author	= "LeClair, Andre and Roman, Jose Maria and Sierra, German",
  title		= "{Russian doll renormalization group and
		  superconductivity}",
  eprint	= "cond-mat/0211338",
  archiveprefix	= "arXiv",
  doi		= "10.1103/PhysRevB.69.020505",
  journal	= "Phys. Rev. B",
  volume	= "69",
  pages		= "020505",
  year		= "2004"
}

@Article{LeClair:2003hj,
  author	= "LeClair, Andre and Roman, Jose Maria and Sierra, German",
  title		= "{Log periodic behavior of finite size effects in field
		  theories with RG limit cycles}",
  eprint	= "hep-th/0312141",
  archiveprefix	= "arXiv",
  doi		= "10.1016/j.nuclphysb.2004.08.033",
  journal	= "Nucl. Phys. B",
  volume	= "700",
  pages		= "407--435",
  year		= "2004"
}

@Article{Leclair:2003xj,
  author	= "Leclair, Andre and Roman, Jose Maria and Sierra, German",
  title		= "{Russian doll renormalization group, Kosterlitz-Thouless
		  flows, and the cyclic sine-Gordon model}",
  eprint	= "hep-th/0301042",
  archiveprefix	= "arXiv",
  doi		= "10.1016/j.nuclphysb.2003.09.032",
  journal	= "Nucl. Phys. B",
  volume	= "675",
  pages		= "584--606",
  year		= "2003"
}

@Article{LeClair_2003,
  title		= {Russian doll renormalization group and
		  Kosterlitz–Thouless flows},
  volume	= {675},
  issn		= {0550-3213},
  url		= {http://dx.doi.org/10.1016/j.nuclphysb.2003.09.032},
  doi		= {10.1016/j.nuclphysb.2003.09.032},
  number	= {3},
  journal	= {Nuclear Physics B},
  publisher	= {Elsevier BV},
  author	= {LeClair, A},
  year		= {2003},
  month		= {Dec},
  pages		= {584–606}
}

@Article{LeClair_2004,
  title		= {Russian doll renormalization group and superconductivity},
  volume	= {69},
  issn		= {1550-235X},
  url		= {http://dx.doi.org/10.1103/PhysRevB.69.020505},
  doi		= {10.1103/physrevb.69.020505},
  number	= {2},
  journal	= {Physical Review B},
  publisher	= {American Physical Society (APS)},
  author	= {LeClair, André and María Román, José and Sierra,
		  Germán},
  year		= {2004},
  month		= {Jan}
}

@Article{levy2018liouville,
  title		= {Liouville conformal field theories in higher dimensions},
  author	= {Levy, Tom and Oz, Yaron},
  journal	= {Journal of High Energy Physics},
  volume	= {2018},
  number	= {6},
  pages		= {1--17},
  year		= {2018},
  publisher	= {Springer}
}

@Article{li2011hopf,
  author	= {Li, Yanqiu and Jiang, Weihua},
  title		= {Hopf and {B}ogdanov-{T}akens bifurcations in a coupled
		  {F}itz{H}ugh-{N}agumo neural system with delay},
  journal	= {Nonlinear Dynam.},
  fjournal	= {Nonlinear Dynamics. An International Journal of Nonlinear
		  Dynamics and Chaos in Engineering Systems},
  volume	= 65,
  year		= 2011,
  number	= {1-2},
  pages		= {161--173},
  issn		= {0924-090X},
  mrclass	= {37G10 (34K18 37N25 92C20)},
  mrnumber	= 2812016,
  mrreviewer	= {Weinian Zhang},
  doi		= {10.1007/s11071-010-9881-5}
}

@Article{Lichtner2009hyperbolicsystems,
  author	= {Lichtner, M.},
  title		= {Variation of constants formula for hyperbolic systems},
  journal	= {J. Appl. Anal.},
  fjournal	= {Journal of Applied Analysis},
  volume	= 15,
  year		= 2009,
  number	= 1,
  pages		= {79--100},
  issn		= {1425-6908},
  mrclass	= {35L90 (35B35 37L05 47H20)},
  mrnumber	= 2537977,
  mrreviewer	= {Salim A. Messaoudi},
  doi		= {10.1515/JAA.2009.79}
}

@Article{liu1994criterion,
  title		= {Criterion of Hopf bifurcations without using eigenvalues},
  author	= {Liu, Wei-Min},
  journal	= {Journal of Mathematical Analysis and Applications},
  volume	= {182},
  number	= {1},
  pages		= {250--256},
  year		= {1994},
  publisher	= {New York, Academic Press.}
}

@InProceedings{	  liu2013bogdanov,
  title		= {Bogdanov-{T}akens bifurcation of a delayed ratio-dependent
		  {H}olling-{T}anner predator prey System},
  author	= {Liu, Xia and Liu, Yanwei and Wang, Jinling},
  booktitle	= {Abstract and Applied Analysis},
  year		= 2013,
  organization	= {Hindawi Publishing Corporation},
  volume	= 2013
}

@Article{lorenz1963deterministic,
  title		= {Deterministic nonperiodic flow},
  author	= {Lorenz, Edward N},
  journal	= {Journal of atmospheric sciences},
  volume	= {20},
  number	= {2},
  pages		= {130--141},
  year		= {1963}
}

@Article{Luty:2012ww,
  author	= "Luty, Markus A. and Polchinski, Joseph and Rattazzi,
		  Riccardo",
  title		= "{The $a$-theorem and the Asymptotics of 4D Quantum Field
		  Theory}",
  eprint	= "1204.5221",
  archiveprefix	= "arXiv",
  primaryclass	= "hep-th",
  doi		= "10.1007/JHEP01(2013)152",
  journal	= "JHEP",
  volume	= "01",
  pages		= "152",
  year		= "2013"
}

@Article{Lykken:1997gy,
  author	= "Lykken, Joseph D. and Poppitz, Erich and Trivedi, Sandip
		  P.",
  title		= "{Chiral gauge theories from D-branes}",
  eprint	= "hep-th/9708134",
  archiveprefix	= "arXiv",
  reportnumber	= "EFI-97-35, FERMILAB-PUB-97-295-T, UCSD-PTH-97-21",
  doi		= "10.1016/S0370-2693(97)01220-3",
  journal	= "Phys. Lett. B",
  volume	= "416",
  pages		= "286--294",
  year		= "1998"
}

@Article{Ma2011,
  author	= {Ma, Suqi and Feng, Zhaosheng},
  title		= {Fold-{H}opf bifurcations of the {R}ose-{H}indmarsh model
		  with time delay},
  journal	= {Internat. J. Bifur. Chaos Appl. Sci. Engrg.},
  fjournal	= {International Journal of Bifurcation and Chaos in Applied
		  Sciences and Engineering},
  volume	= 21,
  year		= 2011,
  number	= 2,
  pages		= {437--452},
  issn		= {0218-1274},
  mrclass	= {34K18 (37G15 37N25 92C20)},
  mrnumber	= 2793962,
  doi		= {10.1142/S0218127411028490}
}

@Article{maldacena2016remarks,
  title		= {Remarks on the sachdev-ye-kitaev model},
  author	= {Maldacena, Juan and Stanford, Douglas},
  journal	= {Physical Review D},
  volume	= {94},
  number	= {10},
  pages		= {106002},
  year		= {2016},
  publisher	= {APS}
}

@Misc{MapleScript:2014:Online,
  title		= {{Maple script for generating system files for
		  DDE-BIFTOOL}},
  author	= {Janssens, S.G.},
  month		= jun,
  year		= 2014,
  url		= {http://www.dxdy.nl}
}

@Article{matcont1,
  author	= {Dhooge, A. and Govaerts, W. and Kuznetsov, {\mbox {Yu.
		  A}}},
  title		= {{M}at{C}ont: a MATLAB package for numerical bifurcation
		  analysis of {ODE}s},
  journal	= {ACM Trans. Math. Software},
  fjournal	= {Association for Computing Machinery. Transactions on
		  Mathematical Software},
  volume	= 29,
  year		= 2003,
  number	= 2,
  pages		= {141--164},
  issn		= {0098-3500},
  doi		= {10.1145/779359.779362}
}

@Article{matcont2,
  author	= {Dhooge, A. and Govaerts, W. and Kuznetsov, {\mbox {Yu. A}}
		  and Meijer, H. G. E. and Sautois, B.},
  title		= {New features of the software {M}at{C}ont for bifurcation
		  analysis of dynamical systems},
  journal	= {Math. Comput. Model. Dyn. Syst.},
  fjournal	= {Mathematical and Computer Modelling of Dynamical Systems.
		  Methods, Tools and Applications in Engineering and Related
		  Sciences},
  volume	= 14,
  year		= 2008,
  number	= 2,
  pages		= {147--175},
  issn		= {1387-3954},
  doi		= {10.1080/13873950701742754}
}

@Misc{matlab2tikz,
  author	= {Egon Geerardyn and Nico Schl\"omer},
  title		= {matlab2tikz: a {MATLAB}/{O}ctave script to convert native
		  {MATLAB}/{O}ctave figures to {TikZ/Pgfplots} figures},
  year		= 2008,
  note		= {Version 1.1.0},
  url		= {https://github.com/matlab2tikz/matlab2tikz},
  urldate	= {2017/03/03}
}

@Article{mckay1982spin,
  title		= {Spin-glass behavior in frustrated Ising models with
		  chaotic renormalization-group trajectories},
  author	= {McKay, Susan R and Berker, A Nihat and Kirkpatrick,
		  Scott},
  journal	= {Physical Review Letters},
  volume	= {48},
  number	= {11},
  pages		= {767},
  year		= {1982},
  publisher	= {APS}
}

@PhDThesis{	  Meijer2006,
  title		= {Codimension 2 Bifurcations of Iterated Maps},
  author	= {Meijer, H. G. E.},
  publisher	= {Utrecht University},
  school	= {Utrecht University},
  year		= 2006,
  timestamp	= {2016.04.22},
  url		= {https://dspace.library.uu.nl/handle/1874/15169}
}

@Book{Meijer2009,
  author	= {Meijer, H. G. E. and Dercole, Fabio and Oldeman, Bart},
  title		= {Numerical bifurcation analysis},
  booktitle	= {Mathematics of Complexity and Dynamical Systems. {V}ols.
		  1--3},
  pages		= {1172--1194},
  publisher	= {Springer},
  year		= 2012,
  mrclass	= {37M20 (34C23 37G05 37G15 37L10 65P30)},
  mrnumber	= 3220731,
  doi		= {10.1007/978-1-4614-1806-1\_71}
}

@Book{michiels2014stability,
  title		= {Stability, Control, and Computation for Time-Delay
		  Systems: An Eigenvalue-Based Approach},
  author	= {Michiels, Wim and Niculescu, Silviu-Iulian},
  publisher	= {SIAM},
  year		= 2014,
  volume	= 27
}

@Article{Milton@1974,
  author	= {Van Dyke, Milton},
  doi		= {10.1093/qjmam/27.4.423},
  number	= {4},
  pages		= {423-450},
  source	= {Crossref},
  volume	= {27},
  journal	= {Q. J. Mechanics Appl. Math.},
  publisher	= {Oxford University Press (OUP)},
  title		= {ANALYSIS AND IMPROVEMENT OF PERTURBATION SERIES},
  issn		= {0033-5614, 1464-3855},
  year		= {1974}
}

@Article{morozov2003can,
  title		= {Can renormalization group flow end in a big mess?},
  author	= {Morozov, Alexei and Niemi, Antti J},
  journal	= {Nuclear Physics B},
  volume	= {666},
  number	= {3},
  pages		= {311--336},
  year		= {2003},
  publisher	= {Elsevier}
}

@Article{MR2296886,
  author	= {Ion, Anca-Veronica},
  title		= {An example of {B}autin-type bifurcation in a delay
		  differential equation},
  journal	= {J. Math. Anal. Appl.},
  fjournal	= {Journal of Mathematical Analysis and Applications},
  volume	= 329,
  year		= 2007,
  number	= 2,
  pages		= {777--789},
  issn		= {0022-247X},
  coden		= {JMANAK},
  mrclass	= {34K18 (37G15)},
  mrnumber	= 2296886,
  mrreviewer	= {Milan Medve{\v{d}}},
  doi		= {10.1016/j.jmaa.2006.06.083}
}

@Article{MR2775253,
  author	= {Zhen, Bin and Xu, Jian},
  title		= {Fold-{H}opf bifurcation analysis for a coupled
		  {F}itz{H}ugh-{N}agumo neural system with time delay},
  journal	= {Internat. J. Bifur. Chaos Appl. Sci. Engrg.},
  fjournal	= {International Journal of Bifurcation and Chaos in Applied
		  Sciences and Engineering},
  volume	= 20,
  year		= 2010,
  number	= 12,
  pages		= {3919--3934},
  issn		= {0218-1274},
  mrclass	= {34K18 (34K14 37G10 37N25 92C20)},
  mrnumber	= 2775253,
  mrreviewer	= {Wantong Li},
  doi		= {10.1142/S0218127410028112}
}

@Article{MR2819829,
  author	= {Ge, Juhong and Xu, Jian},
  title		= {An efficient method for studying fold-{H}opf bifurcation
		  in delayed neural networks},
  journal	= {Internat. J. Bifur. Chaos Appl. Sci. Engrg.},
  fjournal	= {International Journal of Bifurcation and Chaos in Applied
		  Sciences and Engineering},
  volume	= 21,
  year		= 2011,
  number	= 5,
  pages		= {1393--1406},
  issn		= {0218-1274},
  mrclass	= {37G15 (34K18)},
  mrnumber	= 2819829,
  doi		= {10.1142/S0218127411029100}
}

@Article{MR2889930,
  author	= {Ding, Yuting and Jiang, Weihua},
  title		= {Double {H}opf bifurcation and chaos in {L}iu system with
		  delayed feedback},
  journal	= {J. Appl. Anal. Comput.},
  fjournal	= {The Journal of Applied Analysis and Computation},
  volume	= 1,
  year		= 2011,
  number	= 3,
  pages		= {325--349},
  issn		= {2156-907X},
  mrclass	= {34K18 (34H10 37G10 37N35 93B52)},
  mrnumber	= 2889930,
  mrreviewer	= {Jorge Luis Moiola},
  doi		= "10.11948/2011023"
}

@Article{MR3020901,
  author	= {Ion, Anca-Veronica and Georgescu, Raluca Mihaela},
  title		= {Bautin bifurcation in a delay differential equation
		  modeling leukemia},
  journal	= {Nonlinear Anal.},
  fjournal	= {Nonlinear Analysis. Theory, Methods \& Applications. An
		  International Multidisciplinary Journal. Series A: Theory
		  and Methods},
  volume	= 82,
  year		= 2013,
  pages		= {142--157},
  issn		= {0362-546X},
  coden		= {NOANDD},
  mrclass	= {34K18 (35G15 37G05 92C60)},
  mrnumber	= 3020901,
  mrreviewer	= {Mihaela Neam{\c{t}}u},
  doi		= {10.1016/j.na.2013.01.009}
}

@Article{MR3047823,
  author	= {Ding, Yuting and Jiang, Weihua and Yu, Pei},
  title		= {Double {H}opf bifurcation in a container crane model with
		  delayed position feedback},
  journal	= {Appl. Math. Comput.},
  fjournal	= {Applied Mathematics and Computation},
  volume	= 219,
  year		= 2013,
  number	= 17,
  pages		= {9270--9281},
  issn		= {0096-3003},
  coden		= {AMHCBQ},
  mrclass	= {70E55 (34K18 70K50 93B52)},
  mrnumber	= 3047823,
  doi		= {10.1016/j.amc.2013.03.023}
}

@Article{MR3146341,
  author	= {Shen, Zuolin and Zhang, Chunrui},
  title		= {Double {H}opf bifurcation of coupled dissipative
		  {S}tuart-{L}andau oscillators with delay},
  journal	= {Appl. Math. Comput.},
  fjournal	= {Applied Mathematics and Computation},
  volume	= 227,
  year		= 2014,
  pages		= {553--566},
  issn		= {0096-3003},
  mrclass	= {37G05},
  mrnumber	= 3146341,
  doi		= {10.1016/j.amc.2013.11.044}
}

@Article{MR3178278,
  author	= {Wang, Yong and Wang, Hongbin and Jiang, Weihua},
  title		= {Hopf-transcritical bifurcation in toxic
		  phytoplankton-zooplankton model with delay},
  journal	= {J. Math. Anal. Appl.},
  fjournal	= {Journal of Mathematical Analysis and Applications},
  volume	= 415,
  year		= 2014,
  number	= 2,
  pages		= {574--594},
  issn		= {0022-247X},
  mrclass	= {92D25 (37N25)},
  mrnumber	= 3178278,
  doi		= {10.1016/j.jmaa.2014.01.081}
}

@Article{MR3342118,
  author	= {Jiang, Heping and Zhang, Tonghua and Song, Yongli},
  title		= {Delay-induced double {H}opf bifurcations in a system of
		  two delay-coupled van der {P}ol-{D}uffing oscillators},
  journal	= {Internat. J. Bifur. Chaos Appl. Sci. Engrg.},
  fjournal	= {International Journal of Bifurcation and Chaos in Applied
		  Sciences and Engineering},
  volume	= 25,
  year		= 2015,
  number	= 4,
  pages		= {1550058, 18},
  issn		= {0218-1274},
  mrclass	= {34K18 (37G15)},
  mrnumber	= 3342118,
  doi		= {10.1142/S0218127415500583}
}

@Article{MR3430930,
  author	= {Xu, Yingxiang and Shi, Tingting},
  title		= {Computation of double {H}opf points for delay differential
		  equations},
  journal	= {Open Math.},
  fjournal	= {Open Mathematics},
  volume	= 13,
  year		= 2015,
  pages		= {805--815},
  issn		= {2391-5455},
  mrclass	= {65P30 (37G15 65L03)},
  mrnumber	= 3430930,
  mrreviewer	= {Meijer, H. G. E.},
  doi		= {10.1515/math-2015-0076}
}

@Article{MR3921005,
  author	= {Li, Yingying and Wei, Zhouchao and Zhang, Wei and Perc,
		  Matja\v{z} and Repnik, Robert},
  title		= {Bogdanov-{T}akens singularity in the {H}indmarsh-{R}ose
		  neuron with time delay},
  journal	= {Appl. Math. Comput.},
  fjournal	= {Applied Mathematics and Computation},
  volume	= {354},
  year		= {2019},
  pages		= {180--188},
  issn		= {0096-3003},
  mrclass	= {92C20 (34K18)},
  mrnumber	= {3921005},
  doi		= {10.1016/j.amc.2019.02.046},
  url		= {https://doi.org/10.1016/j.amc.2019.02.046}
}

@Book{Murdock@2003,
  author	= {Murdock, James},
  doi		= {10.1007/b97515},
  source	= {Crossref},
  publisher	= {Springer New York},
  title		= {Normal Forms and Unfoldings for Local Dynamical Systems},
  issn		= {1439-7382, 2196-9922},
  isbn		= {9781441930132, 9780387217857},
  year		= {2003}
}

@Article{Myers:2010xs,
  author	= "Myers, Robert C. and Sinha, Aninda",
  title		= "{Seeing a c-theorem with holography}",
  eprint	= "1006.1263",
  archiveprefix	= "arXiv",
  primaryclass	= "hep-th",
  doi		= "10.1103/PhysRevD.82.046006",
  journal	= "Phys. Rev. D",
  volume	= "82",
  pages		= "046006",
  year		= "2010"
}

@Book{Neerven1992adjoint,
  title		= {The Adjoint of a Semigroup of Linear Operators},
  author	= {Van Neerven, Jan},
  year		= 1992,
  publisher	= {Springer}
}

@Misc{OffsetArrays,
  author	= {JuliaMath},
  title		= {OffsetArrays.jl},
  year		= {2021},
  publisher	= {GitHub},
  journal	= {GitHub repository},
  howpublished	= {\url{https://github.com/JuliaArrays/OffsetArrays.jl}},
  commit	= {cd9b075fe92537f59b1bcac4b2e0fd81a1877b1f}
}

@Article{Oliynyk:2005ak,
  author	= "Oliynyk, T. and Suneeta, V. and Woolgar, E.",
  title		= "{A Gradient flow for worldsheet nonlinear sigma models}",
  eprint	= "hep-th/0510239",
  archiveprefix	= "arXiv",
  doi		= "10.1016/j.nuclphysb.2006.01.036",
  journal	= "Nucl. Phys. B",
  volume	= "739",
  pages		= "441--458",
  year		= "2006"
}

@Article{Osborn:2017ucf,
  author	= "Osborn, Hugh and Stergiou, Andreas",
  title		= "{Seeking fixed points in multiple coupling scalar theories
		  in the $\epsilon$ expansion}",
  eprint	= "1707.06165",
  archiveprefix	= "arXiv",
  primaryclass	= "hep-th",
  reportnumber	= "DAMTP-2017-30, CERN-TH-2017-149",
  doi		= "10.1007/JHEP05(2018)051",
  journal	= "JHEP",
  volume	= "05",
  pages		= "051",
  year		= "2018"
}

@Article{Palmer1984225,
  author  = {Kenneth J Palmer},
  title   = {Exponential dichotomies and transversal homoclinic points},
  doi     = {10.1016/0022-0396(84)90082-2},
  issn    = {0022-0396},
  number  = {2},
  pages   = {225 - 256},
  volume  = {55},
  journal = {Journal of Differential Equations},
  year    = {1984},
}

@Article{Peng2013,
  author	= {Peng, Jian and Wang, Lianhua and Zhao, Yueyu and Zhao,
		  Yaobing},
  title		= {Bifurcation analysis in active control system with time
		  delay feedback},
  journal	= {Appl. Math. Comput.},
  fjournal	= {Applied Mathematics and Computation},
  volume	= 219,
  year		= 2013,
  number	= 19,
  pages		= {10073--10081},
  issn		= {0096-3003},
  coden		= {AMHCBQ},
  mrclass	= {34K18 (34K20 93B52)},
  mrnumber	= 3055724,
  doi		= {10.1016/j.amc.2013.04.014}
}

@Article{PhysRevLett.127.021601,
  title		= {Chaos in the Quantum Field Theory $S$-Matrix},
  author	= {Rosenhaus, Vladimir},
  journal	= {Phys. Rev. Lett.},
  volume	= {127},
  issue		= {2},
  pages		= {021601},
  numpages	= {5},
  year		= {2021},
  month		= {Jul},
  publisher	= {American Physical Society},
  doi		= {10.1103/PhysRevLett.127.021601},
  url		= {https://link.aps.org/doi/10.1103/PhysRevLett.127.021601}
}

@Article{Polner@2017,
  author	= {Polner, M. and van der Vegt, J. J. W. and van Gils, S.
		  A.},
  title		= {A space-time finite element method for neural field
		  equations with transmission delays},
  journal	= {eprint arXiv:1702.07585},
  year		= 2017
}

@Misc{Polynomials,
  author	= {JuliaMath},
  title		= {Polynomials.jl},
  year		= {2021},
  publisher	= {GitHub},
  journal	= {GitHub repository},
  howpublished	= {\url{https://github.com/JuliaMath/Polynomials.jl}},
  commit	= {2e7cbb44bac644768393692a75c22a789b4d0d90}
}

@Article{Pomoni:2008de,
  author	= "Pomoni, Elli and Rastelli, Leonardo",
  title		= "{Large N Field Theory and AdS Tachyons}",
  eprint	= "0805.2261",
  archiveprefix	= "arXiv",
  primaryclass	= "hep-th",
  reportnumber	= "YITP-SB-08-20",
  doi		= "10.1088/1126-6708/2009/04/020",
  journal	= "JHEP",
  volume	= "04",
  pages		= "020",
  year		= "2009"
}

@Article{Popov:2019nja,
  author	= "Popov, Fedor K.",
  title		= "{Supersymmetric tensor model at large $N$ and small
		  $\epsilon$}",
  eprint	= "1907.02440",
  archiveprefix	= "arXiv",
  primaryclass	= "hep-th",
  doi		= "10.1103/PhysRevD.101.026020",
  journal	= "Phys. Rev. D",
  volume	= "101",
  number	= "2",
  pages		= "026020",
  year		= "2020"
}

@Article{Prakash:2019zia,
  author	= "Prakash, Shiroman and Sinha, Ritam",
  title		= "{Melonic Dominance in Subchromatic Sextic Tensor Models}",
  eprint	= "1908.07178",
  archiveprefix	= "arXiv",
  primaryclass	= "hep-th",
  reportnumber	= "IFT-UAM/CSIC-19-127",
  doi		= "10.1103/PhysRevD.101.126001",
  journal	= "Phys. Rev. D",
  volume	= "101",
  number	= "12",
  pages		= "126001",
  year		= "2020"
}

@Misc{pydstool,
  title		= {PyDSTool homepage},
  howpublished	= {\url{https://pydstool.github.io/PyDSTool/ProjectOverview.html}}
}

@Article{qesmi2007symbolic,
  title		= {Symbolic computation for center manifolds and normal forms
		  of {B}ogdanov bifurcation in retarded functional
		  differential equations},
  author	= {Qesmi, R and Babram, M Ait and Hbid, ML},
  journal	= {Nonlinear Analysis: Theory, Methods \& Applications},
  year		= 2007,
  number	= 12,
  pages		= {2833--2851},
  volume	= 66,
  publisher	= {Elsevier}
}

@Article{qesmi2014HH,
  author  = {Qesmi, R and Babram, M Ait},
  title   = {Double {H}opf bifurcation in delay differential equations},
  doi     = {10.1016/j.ajmsc.2013.10.002},
  number  = {2},
  pages   = {280 - 301},
  volume  = {20},
  journal = {Arab Journal of Mathematical Sciences},
  year    = {2014},
}

@Article{rackauckas2017differentialequations,
  title		= {Differentialequations.jl--a performant and feature-rich
		  ecosystem for solving differential equations in julia},
  author	= {Rackauckas, Christopher and Nie, Qing},
  journal	= {Journal of Open Research Software},
  volume	= {5},
  number	= {1},
  year		= {2017},
  publisher	= {Ubiquity Press}
}

@Article{renyi1957representations,
  title		= {Representations for real numbers and their ergodic
		  properties},
  author	= {R{\'e}nyi, Alfr{\'e}d},
  journal	= {Acta Mathematica Academiae Scientiarum Hungarica},
  volume	= {8},
  number	= {3-4},
  pages		= {477--493},
  year		= {1957},
  publisher	= {Springer}
}

@Book{Rodriguez-Luis1990,
  author	= {Rodr{\'i}guez-Luis, A. J. and Freire, E. and Ponce, E.},
  title		= {A Method for Homoclinic and Heteroclinic Continuation in
		  Two and Three Dimensions},
  booktitle	= {Continuation and Bifurcations: Numerical Techniques and
		  Applications},
  year		= {1990},
  publisher	= {Springer Netherlands},
  address	= {Dordrecht},
  pages		= {197--210},
  abstract	= {A numerical method for the detection and continuation of
		  homoclinic and heteroclinic orbits is developed for the
		  case of biparametric dynamical systems in two and three
		  dimensions. We formulate a continuation problem for which
		  the regularity conditions are studied. The numerical method
		  is applied to several systems, some of them well-known.},
  isbn		= {978-94-009-0659-4},
  doi		= {10.1007/978-94-009-0659-4\_13}
}

@Book{Rougier@2014,
  author	= {Hutt, Axel and Rougier, Nicolas},
  title		= {Numerical simulation scheme of one- and two-dimensional
		  neural fields involving space-dependent delays},
  booktitle	= {Neural fields},
  pages		= {175--185},
  publisher	= {Springer, Heidelberg},
  year		= 2014,
  mrclass	= {92C20 (65D30 65M06 92-08)},
  mrnumber	= 3329998
}

@Article{Ruan@2001,
  doi		= {10.1093/imammb/18.1.41},
  url		= {https://doi.org/10.1093\%2Fimammb\%2F18.1.41},
  year		= 2001,
  month		= {mar},
  publisher	= {Oxford University Press ({OUP})},
  volume	= {18},
  number	= {1},
  pages		= {41--52},
  author	= {S. Ruan},
  title		= {On the zeros of a third degree exponential polynomial with
		  applications to a delayed model for the control of
		  testosterone secretion},
  journal	= {Mathematical Medicine and Biology}
}

@Article{ruelle1971nature,
  title		= {On the nature of turbulence},
  author	= {Ruelle, David and Takens, Floris},
  journal	= {Les rencontres physiciens-math{\'e}maticiens de
		  Strasbourg-RCP25},
  volume	= {12},
  pages		= {1--44},
  year		= {1971}
}

@Book{Ruston1986,
  author	= {Ruston, A. F.},
  title		= {{Fredholm Theory in {B}anach Spaces}},
  series	= {Cambridge Tracts in Mathematics},
  volume	= 86,
  publisher	= {Cambridge University Press, Cambridge},
  year		= 1986,
  pages		= {x+293},
  isbn		= {0-521-24846-9},
  mrclass	= {47A50 (46M05 47B05)},
  mrnumber	= 861275,
  mrreviewer	= {V. Deundjak},
  doi		= {10.1017/CBO9780511569180}
}

@Article{Sanstede_1997,
  author	= {Sanstede, B},
  title		= {Convergence estimates for the numerical approximation of
		  homoclinic solutions},
  year		= 1997,
  volume	= 17,
  number	= 3,
  month		= {Jul},
  pages		= {437–462},
  issn		= {1464-3642},
  doi		= {10.1093/imanum/17.3.437},
  journal	= {IMA J. Numer. Anal.},
  publisher	= {Oxford University Press (OUP)}
}

@Article{Schmaltz:1998bg,
  author	= "Schmaltz, Martin",
  title		= "{Duality of nonsupersymmetric large N gauge theories}",
  eprint	= "hep-th/9805218",
  archiveprefix	= "arXiv",
  reportnumber	= "BUHEP-98-14",
  doi		= "10.1103/PhysRevD.59.105018",
  journal	= "Phys. Rev. D",
  volume	= "59",
  pages		= "105018",
  year		= "1999"
}

@Article{Shampine01solvingdelay,
  author	= {L. F. Shampine and S. Thompson},
  title		= {Solving Delay Differential Equations with DDE23},
  journal	= {Appl. Numer. Math},
  year		= 2001,
  pages		= {441--458}
}

@Article{Shampine_2001,
  author	= {Shampine, L.F. and Thompson, S.},
  title		= {Solving DDEs in Matlab},
  year		= 2001,
  volume	= 37,
  number	= 4,
  month		= {Jun},
  pages		= {441--458},
  issn		= {0168-9274},
  doi		= {10.1016/s0168-9274(00)00055-6},
  url		= {http://dx.doi.org/10.1016/s0168-9274(00)00055-6},
  journal	= {Applied Numerical Mathematics},
  publisher	= {Elsevier BV}
}

@Article{sharkovskii1964coexistence,
  title		= {Coexistence of cycles of a continuous map of the line into
		  itself},
  author	= {Sharkovskii, AN},
  journal	= {Urain. Mat. Zh.},
  volume	= {16},
  number	= {1},
  pages		= {61--71},
  year		= {1964}
}

@InProceedings{	  shilnikov1965case,
  title		= {A case of the existence of a denumerable set of periodic
		  motions},
  author	= {Shilnikov, Leonid Pavlovich},
  booktitle	= {Doklady Akademii Nauk},
  volume	= {160},
  number	= {3},
  pages		= {558--561},
  year		= {1965},
  organization	= {Russian Academy of Sciences}
}

@Article{Sieber@2017,
  author      = {Sieber, Jan},
  title       = {Local bifurcations in differential equations with state-dependent delay},
  doi         = {10.1063/1.5011747},
  eprint      = {1705.07550},
  eprintclass = {math.DS},
  number      = {11},
  pages       = {114326},
  volume      = {27},
  journal     = {Chaos: An Interdisciplinary Journal of Nonlinear Science},
  year        = {2017},
}

@Article{smale1967differentiable,
  title		= {Differentiable dynamical systems},
  author	= {Smale, Stephen},
  journal	= {Bulletin of the American mathematical Society},
  volume	= {73},
  number	= {6},
  pages		= {747--817},
  year		= {1967}
}

@Article{Son2011,
  title		= {Delayed feedback on the dynamical model of a financial
		  system},
  author	= {Son, Woo-Sik and Park, Young-Jai},
  journal	= {Chaos, Solitons \& Fractals},
  year		= 2011,
  number	= 4,
  pages		= {208--217},
  volume	= 44,
  owner		= {maikel},
  publisher	= {Elsevier},
  timestamp	= {2016.06.16}
}

@Article{Song2009,
  author	= {Song, Z. and Xu, J.},
  title		= {Bursting near {B}autin bifurcation in a neural network
		  with delay coupling},
  journal	= {International Journal of Neural Systems},
  volume	= 19,
  number	= 05,
  pages		= {359-373},
  year		= 2009,
  doi		= {10.1142/S0129065709002087},
  note		= {PMID: 19885964}
}

@Article{Strassler:2001fs,
  author	= "Strassler, Matthew J.",
  title		= "{On methods for extracting exact nonperturbative results
		  in nonsupersymmetric gauge theories}",
  eprint	= "hep-th/0104032",
  archiveprefix	= "arXiv",
  reportnumber	= "UPR-934-T",
  month		= "4",
  year		= "2001"
}

@Article{svrakic1982hierarchical,
  title		= {Hierarchical lattice with competing interactions: an
		  example of a nonlinear map},
  author	= {Svrakic, NM and Kertesz, J and Selke, W},
  journal	= {Journal of Physics A: Mathematical and General},
  volume	= {15},
  number	= {8},
  pages		= {L427},
  year		= {1982},
  publisher	= {IOP Publishing}
}

@article{Switching2019,
  author = {Bosschaert, Maikel M. and Janssens, Sebastiaan G. and Kuznetsov, Yu. A.},
  title = {Switching to Nonhyperbolic Cycles from Codimension Two Bifurcations of Equilibria of Delay Differential Equations},
  journal = {SIAM Journal on Applied Dynamical Systems},
  volume = {19},
  number = {1},
  pages = {252-303},
  year = {2020},
  doi = {10.1137/19M1243993},
  URL = {https://doi.org/10.1137/19M1243993},
  eprint = {https://doi.org/10.1137/19M1243993}
}


@Book{Takens1974,
  author	= {Takens, Floris},
  title		= {Forced Oscillations and Bifurcations},
  booktitle	= {Applications of global analysis, {I} ({S}ympos., {U}trecht
		  {S}tate {U}niv., {U}trecht, 1973)},
  pages		= {1--59},
  publisher	= {Comm. Math. Inst. Rijksuniv. Utrecht, No. 3-1974},
  year		= {1974},
  mrclass	= {58F10 (34C15)},
  mrnumber	= {0478235},
  mrreviewer	= {Philip J. Holmes}
}

@Article{takens1974singularities,
  title		= {Singularities of vector fields},
  author	= {Takens, Floris},
  journal	= {Publications Math{\'e}matiques de l'Institut des Hautes
		  {\'E}tudes Scientifiques},
  volume	= {43},
  number	= {1},
  pages		= {47--100},
  year		= {1974},
  publisher	= {Springer}
}

@Article{takens2001forced,
  title		= {Forced oscillations and bifurcations},
  author	= {Takens, Floris},
  journal	= {Applications of Global Analysis I, Comm},
  volume	= {3},
  pages		= {1--62},
  year		= {2001}
}

@Book{Taylor1980,
  title		= {Introduction to {F}unctional {A}nalysis},
  author	= {Taylor, A. E. and Lay, D. C.},
  publisher	= {John Wiley \& Sons},
  year		= 1980,
  address	= {New York},
  edition	= {Second}
}

@Article{Tseytlin:1999ii,
  author	= "Tseytlin, Arkady A. and Zarembo, K.",
  title		= "{Effective potential in nonsupersymmetric SU(N) x SU(N)
		  gauge theory and interactions of type 0 D3-branes}",
  eprint	= "hep-th/9902095",
  archiveprefix	= "arXiv",
  reportnumber	= "ITEP-TH-4-99, IMPERIAL-TP-98-99-41",
  doi		= "10.1016/S0370-2693(99)00471-2",
  journal	= "Phys. Lett. B",
  volume	= "457",
  pages		= "77--86",
  year		= "1999"
}

@Article{Unsal:2006pj,
  author	= "Unsal, Mithat and Yaffe, Laurence G.",
  title		= "{(In)validity of large N orientifold equivalence}",
  eprint	= "hep-th/0608180",
  archiveprefix	= "arXiv",
  doi		= "10.1103/PhysRevD.74.105019",
  journal	= "Phys. Rev. D",
  volume	= "74",
  pages		= "105019",
  year		= "2006"
}

@Article{VanGils2013,
  author	= {van Gils, S. A. and Janssens, S. G. and Kuznetsov, {\mbox
		  {Yu. A}} and Visser, S.},
  title		= {On local bifurcations in neural field models with
		  transmission delays},
  year		= 2013,
  language	= {English},
  volume	= 66,
  number	= {4-5},
  pages		= {837-887},
  issn		= {0303-6812},
  doi		= {10.1007/s00285-012-0598-6},
  eprint	= {1209.2849},
  eprintclass	= {math.DS},
  journal	= {Journal of Mathematical Biology},
  keywords	= {Delay equation; Neural field; Hopf bifurcation; Numerical
		  bifurcation analysis; Normal form; Dual semigroup; Sun-star
		  calculus; 37L10; 47H20; 37L05; 37M20; 92C20},
  publisher	= {Springer-Verlag}
}

@Article{visser2012analysis,
  title		= {Analysis of stability and bifurcations of fixed points and
		  periodic solutions of a lumped model of neocortex with two
		  delays},
  author	= {Visser, S. and Meijer, H. G. E. and van Putten, M. J. A.
		  M. and van Gils, S. A.},
  journal	= {The Journal of Mathematical Neuroscience (JMN)},
  year		= 2012,
  number	= 1,
  pages		= {1--24},
  volume	= 2,
  publisher	= {Springer}
}

@Article{Visser2017,
  author   = {S. Visser and R. Nicks and O. Faugeras and S. Coombes},
  title    = {Standing and travelling waves in a spherical brain model: The Nunez model revisited},
  doi      = {10.1016/j.physd.2017.02.017},
  issn     = {0167-2789},
  pages    = {-},
  journal  = {Physica D: Nonlinear Phenomena},
  keywords = {Symmetric bifurcation theory},
  year     = {2017},
}

@Article{visser@2012lumpedmodel,
  author	= {Visser, S. and Meijer, H. G. E. and van Putten, M. J. A.
		  M. and van Gils, S. A.},
  title		= {Analysis of stability and bifurcations of fixed points and
		  periodic solutions of a lumped model of neocortex with two
		  delays},
  journal	= {J. Math. Neurosci.},
  fjournal	= {Journal of Mathematical Neuroscience},
  volume	= 2,
  year		= 2012,
  pages		= {Art. 8, 24},
  issn		= {2190-8567},
  mrclass	= {34K18 (92C20)},
  mrnumber	= 2990961,
  mrreviewer	= {Shangjiang Guo},
  doi		= {10.1186/2190-8567-2-8}
}

@Article{visser@2014neuralmass,
  author	= {Zandt, Bas-Jan and Visser, Sid and van Putten, Michel J.
		  A. M. and ten Haken, Bennie},
  title		= {A neural mass model based on single cell dynamics to model
		  pathophysiology},
  journal	= {J. Comput. Neurosci.},
  fjournal	= {Journal of Computational Neuroscience},
  volume	= 37,
  year		= 2014,
  number	= 3,
  pages		= {549--568},
  issn		= {0929-5313},
  mrclass	= {92C20},
  mrnumber	= 3275325,
  doi		= {10.1007/s10827-014-0517-5}
}

@Article{visser@2017sphericalmodel,
  author	= {Visser, S. and Nicks, R. and Faugeras, O. and Coombes,
		  S.},
  title		= {Standing and travelling waves in a spherical brain model:
		  {T}he {N}unez model revisited},
  journal	= {Phys. D},
  fjournal	= {Physica D. Nonlinear Phenomena},
  volume	= 349,
  year		= 2017,
  pages		= {27--45},
  issn		= {0167-2789},
  mrclass	= {92C55},
  mrnumber	= 3634161,
  doi		= {10.1016/j.physd.2017.02.017}
}

@MastersThesis{	  Wage:Thesis:2014,
  author	= {Wage, Bram},
  title		= {{Normal form computations for delay differential equations
		  in DDE-BIFTOOL}},
  school	= {Utrecht University},
  year		= 2014,
  address	= {The Netherlands},
  url		= {https://dspace.library.uu.nl/handle/1874/296912}
}

@Article{Walther2003,
  author	= {Walther, H.-O.},
  title		= {The solution manifold and {$C^1$}-smoothness for
		  differential equations with state-dependent delay},
  year		= 2003,
  volume	= 195,
  number	= 1,
  pages		= {46--65},
  issn		= {0022-0396},
  doi		= {10.1016/j.jde.2003.07.001},
  journal	= {J. Differential Equations},
  fjournal	= {Journal of Differential Equations},
  mrclass	= {34K19 (34K12 37C99)},
  mrnumber	= 2019242,
  mrreviewer	= {Marcus R. W. Martin}
}

@Article{Wang2010Hopftranscritical,
  author	= {Jiang, Weihua and Wang, Hongbin},
  title		= {Hopf-transcritical bifurcation in retarded functional
		  differential equations},
  journal	= {Nonlinear Anal.},
  fjournal	= {Nonlinear Analysis. Theory, Methods \& Applications. An
		  International Multidisciplinary Journal. Series A: Theory
		  and Methods},
  volume	= 73,
  year		= 2010,
  number	= 11,
  pages		= {3626--3640},
  issn		= {0362-546X},
  coden		= {NOANDD},
  mrclass	= {34K18 (37G15)},
  mrnumber	= 2718165,
  mrreviewer	= {Wei Nian Zhang},
  doi		= {10.1016/j.na.2010.07.043}
}

@Article{wang2013bogdanov,
  title		= {Bogdanov-{T}akens singularity in the comprehensive
		  national power model with time delays},
  author	= {Wang, Jingnan and Jiang, Weihua},
  journal	= {Journal of Applied Analysis and Computation},
  year		= 2013,
  number	= 1,
  pages		= {81--94},
  volume	= 3
}

@Book{Wiggins1990,
  author	= {Wiggins, Stephen},
  title		= {Introduction to Applied Nonlinear Dynamical Systems and
		  Chaos},
  series	= {Texts in Applied Mathematics},
  volume	= 2,
  publisher	= {Springer},
  year		= 1990,
  pages		= {xiv+672},
  isbn		= {0-387-97003-7},
  mrclass	= {58Fxx (34C23 34C35 58F13 70K50)},
  mrnumber	= 1056699,
  mrreviewer	= {Henk Broer},
  doi		= {10.1007/978-1-4757-4067-7}
}

@Book{Wiggins2003,
  author	= {Wiggins, Stephen},
  title		= {Introduction to Applied Nonlinear Dynamical Systems and
		  Chaos},
  series	= {Texts in Applied Mathematics},
  volume	= 2,
  edition	= {Second},
  publisher	= {Springer},
  year		= 2003,
  pages		= {xxx+843},
  isbn		= {0-387-00177-8},
  mrclass	= {37-01 (34-01 34C28 37D45 70K50 70K55)},
  mrnumber	= 2004534,
  mrreviewer	= {Carmen Chicone}
}

@Article{Wilson:1973jj,
  author	= "Wilson, K.G. and Kogut, John B.",
  title		= "{The Renormalization group and the epsilon expansion}",
  doi		= "10.1016/0370-1573(74)90023-4",
  journal	= "Phys. Rept.",
  volume	= "12",
  pages		= "75--199",
  year		= "1974"
}

@Article{Witten:2016iux,
  author	= "Witten, Edward",
  title		= "{An SYK-Like Model Without Disorder}",
  eprint	= "1610.09758",
  archiveprefix	= "arXiv",
  primaryclass	= "hep-th",
  doi		= "10.1088/1751-8121/ab3752",
  journal	= "J. Phys. A",
  volume	= "52",
  number	= "47",
  pages		= "474002",
  year		= "2019"
}

@Misc{WolframEngine,
  author	= {Wolfram Research{,} Inc.},
  title		= {Wolfram Engine, {V}ersion 12.1.1},
  url		= {https://www.wolfram.com/engine},
  note		= {Champaign, IL, 2020}
}

@Article{wright1955,
  title		= {A non-linear difference-differential equation},
  author	= {Wright, E.M.},
  journal	= {J. Reine Angew. Math.},
  year		= 1955,
  pages		= {66--87},
  volume	= 194,
  publisher	= {Oxford University Press}
}

@Article{Wu2012,
  author	= {Wu, Xiaoqin P.},
  title		= {Zero-{H}opf bifurcation analysis of a {K}aldor-{K}alecki
		  model of business cycle with delay},
  journal	= {Nonlinear Anal. Real World Appl.},
  fjournal	= {Nonlinear Analysis. Real World Applications. An
		  International Multidisciplinary Journal},
  volume	= 13,
  year		= 2012,
  number	= 2,
  pages		= {736--754},
  issn		= {1468-1218},
  mrclass	= {91B64 (34K18 91B55)},
  mrnumber	= 2846877,
  mrreviewer	= {Lorenzo Peccati},
  doi		= {10.1016/j.nonrwa.2011.08.013}
}

@Article{xu2003vanderPolDuffing,
  author	= {Xu, J. and Chung, K. W.},
  title		= {Effects of time delayed position feedback on a van der
		  {P}ol-{D}uffing oscillator},
  journal	= {Phys. D},
  fjournal	= {Physica D. Nonlinear Phenomena},
  volume	= 180,
  year		= 2003,
  number	= {1-2},
  pages		= {17--39},
  issn		= {0167-2789},
  mrclass	= {34K11 (34C15 34K18 93C23)},
  mrnumber	= 1984303,
  mrreviewer	= {Yiannis Sficas},
  doi		= {10.1016/S0167-2789(03)00049-6}
}

@Article{Xu2010,
  author	= {Zhen, Bin and Xu, Jian},
  title		= {Bautin bifurcation analysis for synchronous solution of a
		  coupled {FHN} neural system with delay},
  journal	= {Commun. Nonlinear Sci. Numer. Simul.},
  fjournal	= {Communications in Nonlinear Science and Numerical
		  Simulation},
  volume	= 15,
  year		= 2010,
  number	= 2,
  pages		= {442--458},
  issn		= {1007-5704},
  mrclass	= {34K18 (34K20 37N25 92B20)},
  mrnumber	= 2572575,
  mrreviewer	= {Wendi Wang},
  doi		= {10.1016/j.cnsns.2009.04.006}
}

@Article{xu2012numerical,
  author	= {Xu, Yingxiang and Mabonzo, Vital D.},
  title		= {Analysis on {T}akens-{B}ogdanov points for delay
		  differential equations},
  journal	= {Appl. Math. Comput.},
  fjournal	= {Applied Mathematics and Computation},
  volume	= 218,
  year		= 2012,
  number	= 24,
  pages		= {11891--11899},
  issn		= {0096-3003},
  coden		= {AMHCBQ},
  mrclass	= {34K18},
  mrnumber	= 2945192,
  doi		= {10.1016/j.amc.2012.05.054}
}

@Article{Xu_1996,
  author	= {Xu, Z. and Chan, H. S. Y. and Chung, K. W.},
  title		= {Separatrices and limit cycles of strongly nonlinear
		  oscillators by the perturbation-incremental method},
  year		= 1996,
  volume	= 11,
  number	= 3,
  month		= {Nov},
  pages		= {213–233},
  issn		= {1573-269X},
  doi		= {10.1007/bf00120718},
  journal	= {Nonlinear Dyn.},
  publisher	= {Springer Nature}
}

@Book{zakharov2012kolmogorov,
  title		= {Kolmogorov spectra of turbulence I: Wave turbulence},
  author	= {Zakharov, Vladimir E and L'vov, Victor S and Falkovich,
		  Gregory},
  year		= {2012},
  publisher	= {Springer Science \& Business Media}
}

@Article{zamolodchikov1986irreversibility,
  title		= {Irreversibility of the Flux of the Renormalization Group
		  in a $2D$ Field Theory},
  author	= {Zamolodchikov, Alexander B},
  journal	= {JETP lett},
  volume	= {43},
  number	= {12},
  pages		= {730--732},
  year		= {1986}
}

@Article{Zhang@2009BogdanovTakensraey,
  author	= {Zhang, Cun-Hua and Yan, Xiang-Ping},
  title		= {Bogdanov-{T}akens singularity in a network of two coupled
		  neurons with delayed feedbacks},
  journal	= {J. Appl. Math. Comput.},
  fjournal	= {Journal of Applied Mathematics and Computing},
  volume	= 29,
  year		= 2009,
  number	= {1-2},
  pages		= {469--479},
  issn		= {1598-5865},
  mrclass	= {34K18 (34K17 37N25 92C20)},
  mrnumber	= 2472127,
  mrreviewer	= {Bernhard Lani-Wayda},
  doi		= {10.1007/s12190-008-0150-4}
}

@Article{zheng2003observer,
  title		= {Observer-dependence of chaos under Lorentz and Rindler
		  transformations},
  author	= {Zheng, Zhao and Misra, Baidyanath and Atmanspacher,
		  Harald},
  journal	= {International Journal of Theoretical Physics},
  volume	= {42},
  number	= {4},
  pages		= {869--879},
  year		= {2003},
  publisher	= {Springer}
}

@Article{Bujack@2022,
  author  = {Roxana Bujack and Emily Teti and Jonah Miller and Elektra Caffrey and Terece L. Turton},
  title   = {The non-Riemannian nature of perceptual color space},
  doi     = {10.1073/pnas.2119753119},
  eprint  = {https://www.pnas.org/doi/pdf/10.1073/pnas.2119753119},
  number  = {18},
  pages   = {e2119753119},
  url     = {https://www.pnas.org/doi/abs/10.1073/pnas.2119753119},
  volume  = {119},
  journal = {Proceedings of the National Academy of Sciences},
  year    = {2022},
}

@article{PhysRevD.105.065021,
    title = {Chaotic RG flow in tensor models},
    author = {Bosschaert, Maikel M. and Jepsen, Christian B. and Popov, Fedor K.},
    journal = {Phys. Rev. D},
    volume = {105},
    issue = {6},
    pages = {065021},
    numpages = {21},
    year = {2022},
    month = {Mar},
    publisher = {American Physical Society},
    doi = {10.1103/PhysRevD.105.065021},
    url = {https://link.aps.org/doi/10.1103/PhysRevD.105.065021}
}

@article{Davies2021,
    author={Davies, Alex
            and Veli{\v{c}}kovi{\'{c}}, Petar
            and Buesing, Lars
            and Blackwell, Sam
            and Zheng, Daniel
            and Toma{\v{s}}ev, Nenad
            and Tanburn, Richard
            and Battaglia, Peter
            and Blundell, Charles
            and Juh{\'a}sz, Andr{\'a}s
            and Lackenby, Marc
            and Williamson, Geordie
            and Hassabis, Demis
            and Kohli, Pushmeet},
    title={Advancing mathematics by guiding human intuition with AI},
    journal={Nature},
    year={2021},
    month={Dec},
    day={01},
    volume={600},
    number={7887},
    pages={70-74},
    issn={1476-4687},
    doi={10.1038/s41586-021-04086-x}
}

@misc{veltz:hal-02902346,
    TITLE = {{BifurcationKit.jl}},
    AUTHOR = {Veltz, Romain},
    URL = {https://hal.archives-ouvertes.fr/hal-02902346},
    INSTITUTION = {{Inria Sophia-Antipolis}},
    YEAR = {2020},
    MONTH = Jul,
    KEYWORDS = {pseudo-arclength-continuation ; periodic-orbits ; floquet ; gpu ; bifurcation-diagram ; deflation ; newton-krylov},
    PDF = {https://hal.archives-ouvertes.fr/hal-02902346/file/354c9fb0d148262405609eed2cb7927818706f1f.tar.gz},
    HAL_ID = {hal-02902346},
    HAL_VERSION = {v1},
}

@TechReport{631606893d774be2a2c919789d14b2d6,
  author      = {Manu Kalia and Brunton, {Steven L.} and Meijer, {Hil G.E.} and Christoph Brune and Kutz, {J. Nathan}},
  institution = {arXiv.org},
  title       = {Learning normal form autoencoders for data-driven discovery of universal, parameter-dependent governing equations},
  language    = {English},
  type        = {WorkingPaper},
  abstract    = {Complex systems manifest a small number of instabilities and bifurcations that are canonical in nature, resulting in universal pattern forming characteristics as a function of some parametric dependence. Such parametric instabilities are mathematically characterized by their universal un-foldings, or normal form dynamics, whereby a parsimonious model can be used to represent the dynamics. Although center manifold theory guarantees the existence of such low-dimensional normal forms, finding them has remained a long standing challenge. In this work, we introduce deep learning autoencoders to discover coordinate transformations that capture the underlying parametric dependence of a dynamical system in terms of its canonical normal form, allowing for a simple representation of the parametric dependence and bifurcation structure. The autoencoder constrains the latent variable to adhere to a given normal form, thus allowing it to learn the appropriate coordinate transformation. We demonstrate the method on a number of example problems, showing that it can capture a diverse set of normal forms associated with Hopf, pitchfork, transcritical and/or saddle node bifurcations. This method shows how normal forms can be leveraged as canonical and universal building blocks in deep learning approaches for model discovery and reduced-order modeling.},
  day         = {9},
  keywords    = {cs.LG, math.DS, 37G05},
  month       = jun,
  publisher   = {arXiv.org},
  year        = {2021},
}
